%YAML 1.1
%TAG !u! tag:unity3d.com,2011:
--- !u!29 &1
OcclusionCullingSettings:
  m_ObjectHideFlags: 0
  serializedVersion: 2
  m_OcclusionBakeSettings:
    smallestOccluder: 5
    smallestHole: 0.25
    backfaceThreshold: 100
  m_SceneGUID: 00000000000000000000000000000000
  m_OcclusionCullingData: {fileID: 0}
--- !u!104 &2
RenderSettings:
  m_ObjectHideFlags: 0
  serializedVersion: 9
  m_Fog: 0
  m_FogColor: {r: 0.5, g: 0.5, b: 0.5, a: 1}
  m_FogMode: 3
  m_FogDensity: 0.01
  m_LinearFogStart: 0
  m_LinearFogEnd: 300
  m_AmbientSkyColor: {r: 0.212, g: 0.227, b: 0.259, a: 1}
  m_AmbientEquatorColor: {r: 0.114, g: 0.125, b: 0.133, a: 1}
  m_AmbientGroundColor: {r: 0.047, g: 0.043, b: 0.035, a: 1}
  m_AmbientIntensity: 1
  m_AmbientMode: 0
  m_SubtractiveShadowColor: {r: 0.42, g: 0.478, b: 0.627, a: 1}
  m_SkyboxMaterial: {fileID: 10304, guid: 0000000000000000f000000000000000, type: 0}
  m_HaloStrength: 0.5
  m_FlareStrength: 1
  m_FlareFadeSpeed: 3
  m_HaloTexture: {fileID: 0}
  m_SpotCookie: {fileID: 10001, guid: 0000000000000000e000000000000000, type: 0}
  m_DefaultReflectionMode: 0
  m_DefaultReflectionResolution: 128
  m_ReflectionBounces: 1
  m_ReflectionIntensity: 1
  m_CustomReflection: {fileID: 0}
  m_Sun: {fileID: 0}
  m_IndirectSpecularColor: {r: 0.44657838, g: 0.49641234, b: 0.57481676, a: 1}
  m_UseRadianceAmbientProbe: 0
--- !u!157 &3
LightmapSettings:
  m_ObjectHideFlags: 0
  serializedVersion: 11
  m_GIWorkflowMode: 0
  m_GISettings:
    serializedVersion: 2
    m_BounceScale: 1
    m_IndirectOutputScale: 1
    m_AlbedoBoost: 1
    m_EnvironmentLightingMode: 0
    m_EnableBakedLightmaps: 1
    m_EnableRealtimeLightmaps: 1
  m_LightmapEditorSettings:
    serializedVersion: 10
    m_Resolution: 2
    m_BakeResolution: 40
    m_AtlasSize: 1024
    m_AO: 0
    m_AOMaxDistance: 1
    m_CompAOExponent: 1
    m_CompAOExponentDirect: 0
    m_Padding: 2
    m_LightmapParameters: {fileID: 0}
    m_LightmapsBakeMode: 1
    m_TextureCompression: 1
    m_FinalGather: 0
    m_FinalGatherFiltering: 1
    m_FinalGatherRayCount: 256
    m_ReflectionCompression: 2
    m_MixedBakeMode: 2
    m_BakeBackend: 1
    m_PVRSampling: 1
    m_PVRDirectSampleCount: 32
    m_PVRSampleCount: 500
    m_PVRBounces: 2
    m_PVRFilterTypeDirect: 0
    m_PVRFilterTypeIndirect: 0
    m_PVRFilterTypeAO: 0
    m_PVRFilteringMode: 1
    m_PVRCulling: 1
    m_PVRFilteringGaussRadiusDirect: 1
    m_PVRFilteringGaussRadiusIndirect: 5
    m_PVRFilteringGaussRadiusAO: 2
    m_PVRFilteringAtrousPositionSigmaDirect: 0.5
    m_PVRFilteringAtrousPositionSigmaIndirect: 2
    m_PVRFilteringAtrousPositionSigmaAO: 1
    m_ShowResolutionOverlay: 1
  m_LightingDataAsset: {fileID: 0}
  m_UseShadowmask: 1
--- !u!196 &4
NavMeshSettings:
  serializedVersion: 2
  m_ObjectHideFlags: 0
  m_BuildSettings:
    serializedVersion: 2
    agentTypeID: 0
    agentRadius: 0.5
    agentHeight: 2
    agentSlope: 45
    agentClimb: 0.4
    ledgeDropHeight: 0
    maxJumpAcrossDistance: 0
    minRegionArea: 2
    manualCellSize: 0
    cellSize: 0.16666667
    manualTileSize: 0
    tileSize: 256
    accuratePlacement: 0
    debug:
      m_Flags: 0
  m_NavMeshData: {fileID: 0}
--- !u!1001 &36976620
PrefabInstance:
  m_ObjectHideFlags: 0
  serializedVersion: 2
  m_Modification:
    m_TransformParent: {fileID: 1945190990}
    m_Modifications:
    - target: {fileID: 6457334112007284006, guid: f2f3e9beb17816a4db0c63012f35c131,
        type: 3}
      propertyPath: m_Name
      value: Steak_Table
      objectReference: {fileID: 0}
    - target: {fileID: 6457334112007190790, guid: f2f3e9beb17816a4db0c63012f35c131,
        type: 3}
      propertyPath: m_LocalPosition.x
      value: 0
      objectReference: {fileID: 0}
    - target: {fileID: 6457334112007190790, guid: f2f3e9beb17816a4db0c63012f35c131,
        type: 3}
      propertyPath: m_LocalPosition.y
      value: 0
      objectReference: {fileID: 0}
    - target: {fileID: 6457334112007190790, guid: f2f3e9beb17816a4db0c63012f35c131,
        type: 3}
      propertyPath: m_LocalPosition.z
      value: 1
      objectReference: {fileID: 0}
    - target: {fileID: 6457334112007190790, guid: f2f3e9beb17816a4db0c63012f35c131,
        type: 3}
      propertyPath: m_LocalRotation.x
      value: 0
      objectReference: {fileID: 0}
    - target: {fileID: 6457334112007190790, guid: f2f3e9beb17816a4db0c63012f35c131,
        type: 3}
      propertyPath: m_LocalRotation.y
      value: 1
      objectReference: {fileID: 0}
    - target: {fileID: 6457334112007190790, guid: f2f3e9beb17816a4db0c63012f35c131,
        type: 3}
      propertyPath: m_LocalRotation.z
      value: 0
      objectReference: {fileID: 0}
    - target: {fileID: 6457334112007190790, guid: f2f3e9beb17816a4db0c63012f35c131,
        type: 3}
      propertyPath: m_LocalRotation.w
      value: 0
      objectReference: {fileID: 0}
    - target: {fileID: 6457334112007190790, guid: f2f3e9beb17816a4db0c63012f35c131,
        type: 3}
      propertyPath: m_RootOrder
      value: 2
      objectReference: {fileID: 0}
    - target: {fileID: 6457334112007190790, guid: f2f3e9beb17816a4db0c63012f35c131,
        type: 3}
      propertyPath: m_LocalEulerAnglesHint.x
      value: 0
      objectReference: {fileID: 0}
    - target: {fileID: 6457334112007190790, guid: f2f3e9beb17816a4db0c63012f35c131,
        type: 3}
      propertyPath: m_LocalEulerAnglesHint.y
      value: 180
      objectReference: {fileID: 0}
    - target: {fileID: 6457334112007190790, guid: f2f3e9beb17816a4db0c63012f35c131,
        type: 3}
      propertyPath: m_LocalEulerAnglesHint.z
      value: 0
      objectReference: {fileID: 0}
    - target: {fileID: 1790460578954655229, guid: f2f3e9beb17816a4db0c63012f35c131,
        type: 3}
      propertyPath: putItem
      value: 
      objectReference: {fileID: 1715440786}
    - target: {fileID: 1790460578954655229, guid: f2f3e9beb17816a4db0c63012f35c131,
        type: 3}
      propertyPath: occupied
      value: 1
      objectReference: {fileID: 0}
    m_RemovedComponents: []
  m_SourcePrefab: {fileID: 100100000, guid: f2f3e9beb17816a4db0c63012f35c131, type: 3}
--- !u!4 &36976621 stripped
Transform:
  m_CorrespondingSourceObject: {fileID: 6457334112007190790, guid: f2f3e9beb17816a4db0c63012f35c131,
    type: 3}
  m_PrefabInstance: {fileID: 36976620}
  m_PrefabAsset: {fileID: 0}
--- !u!1001 &278504020
PrefabInstance:
  m_ObjectHideFlags: 0
  serializedVersion: 2
  m_Modification:
    m_TransformParent: {fileID: 0}
    m_Modifications:
    - target: {fileID: 1458793289368706773, guid: bd228e7d290c94146a92ee22e2f17629,
        type: 3}
      propertyPath: m_Name
      value: Ground
      objectReference: {fileID: 0}
    - target: {fileID: 1458793289368706777, guid: bd228e7d290c94146a92ee22e2f17629,
        type: 3}
      propertyPath: m_LocalPosition.x
      value: 0.5
      objectReference: {fileID: 0}
    - target: {fileID: 1458793289368706777, guid: bd228e7d290c94146a92ee22e2f17629,
        type: 3}
      propertyPath: m_LocalPosition.y
      value: 0
      objectReference: {fileID: 0}
    - target: {fileID: 1458793289368706777, guid: bd228e7d290c94146a92ee22e2f17629,
        type: 3}
      propertyPath: m_LocalPosition.z
      value: 0.5
      objectReference: {fileID: 0}
    - target: {fileID: 1458793289368706777, guid: bd228e7d290c94146a92ee22e2f17629,
        type: 3}
      propertyPath: m_LocalRotation.x
      value: 0
      objectReference: {fileID: 0}
    - target: {fileID: 1458793289368706777, guid: bd228e7d290c94146a92ee22e2f17629,
        type: 3}
      propertyPath: m_LocalRotation.y
      value: 0
      objectReference: {fileID: 0}
    - target: {fileID: 1458793289368706777, guid: bd228e7d290c94146a92ee22e2f17629,
        type: 3}
      propertyPath: m_LocalRotation.z
      value: 0
      objectReference: {fileID: 0}
    - target: {fileID: 1458793289368706777, guid: bd228e7d290c94146a92ee22e2f17629,
        type: 3}
      propertyPath: m_LocalRotation.w
      value: 1
      objectReference: {fileID: 0}
    - target: {fileID: 1458793289368706777, guid: bd228e7d290c94146a92ee22e2f17629,
        type: 3}
      propertyPath: m_RootOrder
      value: 3
      objectReference: {fileID: 0}
    - target: {fileID: 1458793289368706777, guid: bd228e7d290c94146a92ee22e2f17629,
        type: 3}
      propertyPath: m_LocalEulerAnglesHint.x
      value: 0
      objectReference: {fileID: 0}
    - target: {fileID: 1458793289368706777, guid: bd228e7d290c94146a92ee22e2f17629,
        type: 3}
      propertyPath: m_LocalEulerAnglesHint.y
      value: 0
      objectReference: {fileID: 0}
    - target: {fileID: 1458793289368706777, guid: bd228e7d290c94146a92ee22e2f17629,
        type: 3}
      propertyPath: m_LocalEulerAnglesHint.z
      value: 0
      objectReference: {fileID: 0}
    - target: {fileID: 1458793289368706777, guid: bd228e7d290c94146a92ee22e2f17629,
        type: 3}
      propertyPath: m_LocalScale.x
      value: 0.8
      objectReference: {fileID: 0}
    - target: {fileID: 1458793289368706777, guid: bd228e7d290c94146a92ee22e2f17629,
        type: 3}
      propertyPath: m_LocalScale.z
      value: 0.8
      objectReference: {fileID: 0}
    - target: {fileID: 1458793289368706777, guid: bd228e7d290c94146a92ee22e2f17629,
        type: 3}
      propertyPath: m_LocalScale.y
      value: 1
      objectReference: {fileID: 0}
    m_RemovedComponents: []
  m_SourcePrefab: {fileID: 100100000, guid: bd228e7d290c94146a92ee22e2f17629, type: 3}
--- !u!1001 &341053298
PrefabInstance:
  m_ObjectHideFlags: 0
  serializedVersion: 2
  m_Modification:
    m_TransformParent: {fileID: 1945190990}
    m_Modifications:
    - target: {fileID: 6528373871576842448, guid: ab78d1c0288bef947a9b85246407f282,
        type: 3}
      propertyPath: m_Name
      value: Table (7)
      objectReference: {fileID: 0}
    - target: {fileID: 6528373871576358128, guid: ab78d1c0288bef947a9b85246407f282,
        type: 3}
      propertyPath: m_LocalPosition.x
      value: 3
      objectReference: {fileID: 0}
    - target: {fileID: 6528373871576358128, guid: ab78d1c0288bef947a9b85246407f282,
        type: 3}
      propertyPath: m_LocalPosition.y
      value: 0
      objectReference: {fileID: 0}
    - target: {fileID: 6528373871576358128, guid: ab78d1c0288bef947a9b85246407f282,
        type: 3}
      propertyPath: m_LocalPosition.z
      value: 0
      objectReference: {fileID: 0}
    - target: {fileID: 6528373871576358128, guid: ab78d1c0288bef947a9b85246407f282,
        type: 3}
      propertyPath: m_LocalRotation.x
      value: -0
      objectReference: {fileID: 0}
    - target: {fileID: 6528373871576358128, guid: ab78d1c0288bef947a9b85246407f282,
        type: 3}
      propertyPath: m_LocalRotation.y
      value: -0
      objectReference: {fileID: 0}
    - target: {fileID: 6528373871576358128, guid: ab78d1c0288bef947a9b85246407f282,
        type: 3}
      propertyPath: m_LocalRotation.z
      value: -0
      objectReference: {fileID: 0}
    - target: {fileID: 6528373871576358128, guid: ab78d1c0288bef947a9b85246407f282,
        type: 3}
      propertyPath: m_LocalRotation.w
      value: 1
      objectReference: {fileID: 0}
    - target: {fileID: 6528373871576358128, guid: ab78d1c0288bef947a9b85246407f282,
        type: 3}
      propertyPath: m_RootOrder
      value: 9
      objectReference: {fileID: 0}
    - target: {fileID: 6528373871576358128, guid: ab78d1c0288bef947a9b85246407f282,
        type: 3}
      propertyPath: m_LocalEulerAnglesHint.x
      value: 0
      objectReference: {fileID: 0}
    - target: {fileID: 6528373871576358128, guid: ab78d1c0288bef947a9b85246407f282,
        type: 3}
      propertyPath: m_LocalEulerAnglesHint.y
      value: 0
      objectReference: {fileID: 0}
    - target: {fileID: 6528373871576358128, guid: ab78d1c0288bef947a9b85246407f282,
        type: 3}
      propertyPath: m_LocalEulerAnglesHint.z
      value: 0
      objectReference: {fileID: 0}
    - target: {fileID: 114872109012644876, guid: ab78d1c0288bef947a9b85246407f282,
        type: 3}
      propertyPath: putItem
      value: 
      objectReference: {fileID: 0}
    - target: {fileID: 114872109012644876, guid: ab78d1c0288bef947a9b85246407f282,
        type: 3}
      propertyPath: occupied
      value: 0
      objectReference: {fileID: 0}
    m_RemovedComponents: []
  m_SourcePrefab: {fileID: 100100000, guid: ab78d1c0288bef947a9b85246407f282, type: 3}
--- !u!4 &341053299 stripped
Transform:
  m_CorrespondingSourceObject: {fileID: 6528373871576358128, guid: ab78d1c0288bef947a9b85246407f282,
    type: 3}
  m_PrefabInstance: {fileID: 341053298}
  m_PrefabAsset: {fileID: 0}
--- !u!1 &447737464
GameObject:
  m_ObjectHideFlags: 0
  m_CorrespondingSourceObject: {fileID: 0}
  m_PrefabInstance: {fileID: 0}
  m_PrefabAsset: {fileID: 0}
  serializedVersion: 6
  m_Component:
  - component: {fileID: 447737467}
  - component: {fileID: 447737466}
  - component: {fileID: 447737465}
  m_Layer: 0
  m_Name: EventSystem
  m_TagString: Untagged
  m_Icon: {fileID: 0}
  m_NavMeshLayer: 0
  m_StaticEditorFlags: 0
  m_IsActive: 1
--- !u!114 &447737465
MonoBehaviour:
  m_ObjectHideFlags: 0
  m_CorrespondingSourceObject: {fileID: 0}
  m_PrefabInstance: {fileID: 0}
  m_PrefabAsset: {fileID: 0}
  m_GameObject: {fileID: 447737464}
  m_Enabled: 1
  m_EditorHideFlags: 0
  m_Script: {fileID: 1077351063, guid: f70555f144d8491a825f0804e09c671c, type: 3}
  m_Name: 
  m_EditorClassIdentifier: 
  m_HorizontalAxis: Horizontal
  m_VerticalAxis: Vertical
  m_SubmitButton: Submit
  m_CancelButton: Cancel
  m_InputActionsPerSecond: 10
  m_RepeatDelay: 0.5
  m_ForceModuleActive: 0
--- !u!114 &447737466
MonoBehaviour:
  m_ObjectHideFlags: 0
  m_CorrespondingSourceObject: {fileID: 0}
  m_PrefabInstance: {fileID: 0}
  m_PrefabAsset: {fileID: 0}
  m_GameObject: {fileID: 447737464}
  m_Enabled: 1
  m_EditorHideFlags: 0
  m_Script: {fileID: -619905303, guid: f70555f144d8491a825f0804e09c671c, type: 3}
  m_Name: 
  m_EditorClassIdentifier: 
  m_FirstSelected: {fileID: 0}
  m_sendNavigationEvents: 1
  m_DragThreshold: 10
--- !u!4 &447737467
Transform:
  m_ObjectHideFlags: 0
  m_CorrespondingSourceObject: {fileID: 0}
  m_PrefabInstance: {fileID: 0}
  m_PrefabAsset: {fileID: 0}
  m_GameObject: {fileID: 447737464}
  m_LocalRotation: {x: 0, y: 0, z: 0, w: 1}
  m_LocalPosition: {x: 0, y: 0, z: 0}
  m_LocalScale: {x: 1, y: 1, z: 1}
  m_Children: []
  m_Father: {fileID: 0}
  m_RootOrder: 6
  m_LocalEulerAnglesHint: {x: 0, y: 0, z: 0}
--- !u!1 &561117629
GameObject:
  m_ObjectHideFlags: 0
  m_CorrespondingSourceObject: {fileID: 0}
  m_PrefabInstance: {fileID: 0}
  m_PrefabAsset: {fileID: 0}
  serializedVersion: 6
  m_Component:
  - component: {fileID: 561117631}
  - component: {fileID: 561117630}
  m_Layer: 0
  m_Name: Directional Light
  m_TagString: Untagged
  m_Icon: {fileID: 0}
  m_NavMeshLayer: 0
  m_StaticEditorFlags: 0
  m_IsActive: 1
--- !u!108 &561117630
Light:
  m_ObjectHideFlags: 0
  m_CorrespondingSourceObject: {fileID: 0}
  m_PrefabInstance: {fileID: 0}
  m_PrefabAsset: {fileID: 0}
  m_GameObject: {fileID: 561117629}
  m_Enabled: 1
  serializedVersion: 8
  m_Type: 1
  m_Color: {r: 1, g: 0.95686275, b: 0.8392157, a: 1}
  m_Intensity: 1
  m_Range: 10
  m_SpotAngle: 30
  m_CookieSize: 10
  m_Shadows:
    m_Type: 2
    m_Resolution: -1
    m_CustomResolution: -1
    m_Strength: 1
    m_Bias: 0.05
    m_NormalBias: 0.4
    m_NearPlane: 0.2
  m_Cookie: {fileID: 0}
  m_DrawHalo: 0
  m_Flare: {fileID: 0}
  m_RenderMode: 0
  m_CullingMask:
    serializedVersion: 2
    m_Bits: 4294967295
  m_Lightmapping: 4
  m_LightShadowCasterMode: 0
  m_AreaSize: {x: 1, y: 1}
  m_BounceIntensity: 1
  m_ColorTemperature: 6570
  m_UseColorTemperature: 0
  m_ShadowRadius: 0
  m_ShadowAngle: 0
--- !u!4 &561117631
Transform:
  m_ObjectHideFlags: 0
  m_CorrespondingSourceObject: {fileID: 0}
  m_PrefabInstance: {fileID: 0}
  m_PrefabAsset: {fileID: 0}
  m_GameObject: {fileID: 561117629}
  m_LocalRotation: {x: 0.40821788, y: -0.23456968, z: 0.10938163, w: 0.8754261}
  m_LocalPosition: {x: 0, y: 3, z: 0}
  m_LocalScale: {x: 1, y: 1, z: 1}
  m_Children: []
  m_Father: {fileID: 0}
  m_RootOrder: 0
  m_LocalEulerAnglesHint: {x: 50, y: -30, z: 0}
--- !u!1001 &578719670
PrefabInstance:
  m_ObjectHideFlags: 0
  serializedVersion: 2
  m_Modification:
    m_TransformParent: {fileID: 0}
    m_Modifications:
    - target: {fileID: 2108864384661620899, guid: 80185cf3bba944c0398e6e9cadf4aac7,
        type: 3}
      propertyPath: m_Name
      value: RecipeAssembler
      objectReference: {fileID: 0}
    - target: {fileID: 3614101396298116579, guid: 80185cf3bba944c0398e6e9cadf4aac7,
        type: 3}
      propertyPath: m_LocalPosition.x
      value: 1.4449214
      objectReference: {fileID: 0}
    - target: {fileID: 3614101396298116579, guid: 80185cf3bba944c0398e6e9cadf4aac7,
        type: 3}
      propertyPath: m_LocalPosition.y
      value: 0.39997846
      objectReference: {fileID: 0}
    - target: {fileID: 3614101396298116579, guid: 80185cf3bba944c0398e6e9cadf4aac7,
        type: 3}
      propertyPath: m_LocalPosition.z
      value: 9.100014
      objectReference: {fileID: 0}
    - target: {fileID: 3614101396298116579, guid: 80185cf3bba944c0398e6e9cadf4aac7,
        type: 3}
      propertyPath: m_LocalRotation.x
      value: 0
      objectReference: {fileID: 0}
    - target: {fileID: 3614101396298116579, guid: 80185cf3bba944c0398e6e9cadf4aac7,
        type: 3}
      propertyPath: m_LocalRotation.y
      value: 0
      objectReference: {fileID: 0}
    - target: {fileID: 3614101396298116579, guid: 80185cf3bba944c0398e6e9cadf4aac7,
        type: 3}
      propertyPath: m_LocalRotation.z
      value: 0
      objectReference: {fileID: 0}
    - target: {fileID: 3614101396298116579, guid: 80185cf3bba944c0398e6e9cadf4aac7,
        type: 3}
      propertyPath: m_LocalRotation.w
      value: 1
      objectReference: {fileID: 0}
    - target: {fileID: 3614101396298116579, guid: 80185cf3bba944c0398e6e9cadf4aac7,
        type: 3}
      propertyPath: m_RootOrder
      value: 2
      objectReference: {fileID: 0}
    - target: {fileID: 3614101396298116579, guid: 80185cf3bba944c0398e6e9cadf4aac7,
        type: 3}
      propertyPath: m_LocalEulerAnglesHint.x
      value: 0
      objectReference: {fileID: 0}
    - target: {fileID: 3614101396298116579, guid: 80185cf3bba944c0398e6e9cadf4aac7,
        type: 3}
      propertyPath: m_LocalEulerAnglesHint.y
      value: 0
      objectReference: {fileID: 0}
    - target: {fileID: 3614101396298116579, guid: 80185cf3bba944c0398e6e9cadf4aac7,
        type: 3}
      propertyPath: m_LocalEulerAnglesHint.z
      value: 0
      objectReference: {fileID: 0}
    m_RemovedComponents: []
  m_SourcePrefab: {fileID: 100100000, guid: 80185cf3bba944c0398e6e9cadf4aac7, type: 3}
--- !u!1001 &593476702
PrefabInstance:
  m_ObjectHideFlags: 0
  serializedVersion: 2
  m_Modification:
    m_TransformParent: {fileID: 1945190990}
    m_Modifications:
    - target: {fileID: 6528373871576842448, guid: ab78d1c0288bef947a9b85246407f282,
        type: 3}
      propertyPath: m_Name
      value: Table (8)
      objectReference: {fileID: 0}
    - target: {fileID: 6528373871576358128, guid: ab78d1c0288bef947a9b85246407f282,
        type: 3}
      propertyPath: m_LocalPosition.x
      value: -1
      objectReference: {fileID: 0}
    - target: {fileID: 6528373871576358128, guid: ab78d1c0288bef947a9b85246407f282,
        type: 3}
      propertyPath: m_LocalPosition.y
      value: 0
      objectReference: {fileID: 0}
    - target: {fileID: 6528373871576358128, guid: ab78d1c0288bef947a9b85246407f282,
        type: 3}
      propertyPath: m_LocalPosition.z
      value: 1
      objectReference: {fileID: 0}
    - target: {fileID: 6528373871576358128, guid: ab78d1c0288bef947a9b85246407f282,
        type: 3}
      propertyPath: m_LocalRotation.x
      value: -0
      objectReference: {fileID: 0}
    - target: {fileID: 6528373871576358128, guid: ab78d1c0288bef947a9b85246407f282,
        type: 3}
      propertyPath: m_LocalRotation.y
      value: -0
      objectReference: {fileID: 0}
    - target: {fileID: 6528373871576358128, guid: ab78d1c0288bef947a9b85246407f282,
        type: 3}
      propertyPath: m_LocalRotation.z
      value: -0
      objectReference: {fileID: 0}
    - target: {fileID: 6528373871576358128, guid: ab78d1c0288bef947a9b85246407f282,
        type: 3}
      propertyPath: m_LocalRotation.w
      value: 1
      objectReference: {fileID: 0}
    - target: {fileID: 6528373871576358128, guid: ab78d1c0288bef947a9b85246407f282,
        type: 3}
      propertyPath: m_RootOrder
      value: 10
      objectReference: {fileID: 0}
    - target: {fileID: 6528373871576358128, guid: ab78d1c0288bef947a9b85246407f282,
        type: 3}
      propertyPath: m_LocalEulerAnglesHint.x
      value: 0
      objectReference: {fileID: 0}
    - target: {fileID: 6528373871576358128, guid: ab78d1c0288bef947a9b85246407f282,
        type: 3}
      propertyPath: m_LocalEulerAnglesHint.y
      value: 0
      objectReference: {fileID: 0}
    - target: {fileID: 6528373871576358128, guid: ab78d1c0288bef947a9b85246407f282,
        type: 3}
      propertyPath: m_LocalEulerAnglesHint.z
      value: 0
      objectReference: {fileID: 0}
    - target: {fileID: 114872109012644876, guid: ab78d1c0288bef947a9b85246407f282,
        type: 3}
      propertyPath: putItem
      value: 
      objectReference: {fileID: 0}
    - target: {fileID: 114872109012644876, guid: ab78d1c0288bef947a9b85246407f282,
        type: 3}
      propertyPath: occupied
      value: 0
      objectReference: {fileID: 0}
    m_RemovedComponents: []
  m_SourcePrefab: {fileID: 100100000, guid: ab78d1c0288bef947a9b85246407f282, type: 3}
--- !u!4 &593476703 stripped
Transform:
  m_CorrespondingSourceObject: {fileID: 6528373871576358128, guid: ab78d1c0288bef947a9b85246407f282,
    type: 3}
  m_PrefabInstance: {fileID: 593476702}
  m_PrefabAsset: {fileID: 0}
--- !u!1001 &617773351
PrefabInstance:
  m_ObjectHideFlags: 0
  serializedVersion: 2
  m_Modification:
    m_TransformParent: {fileID: 1945190990}
    m_Modifications:
    - target: {fileID: 6528373871576842448, guid: ab78d1c0288bef947a9b85246407f282,
        type: 3}
      propertyPath: m_Name
      value: Table (2)
      objectReference: {fileID: 0}
    - target: {fileID: 6528373871576358128, guid: ab78d1c0288bef947a9b85246407f282,
        type: 3}
      propertyPath: m_LocalPosition.x
      value: -2
      objectReference: {fileID: 0}
    - target: {fileID: 6528373871576358128, guid: ab78d1c0288bef947a9b85246407f282,
        type: 3}
      propertyPath: m_LocalPosition.y
      value: 0
      objectReference: {fileID: 0}
    - target: {fileID: 6528373871576358128, guid: ab78d1c0288bef947a9b85246407f282,
        type: 3}
      propertyPath: m_LocalPosition.z
      value: 0
      objectReference: {fileID: 0}
    - target: {fileID: 6528373871576358128, guid: ab78d1c0288bef947a9b85246407f282,
        type: 3}
      propertyPath: m_LocalRotation.x
      value: 0
      objectReference: {fileID: 0}
    - target: {fileID: 6528373871576358128, guid: ab78d1c0288bef947a9b85246407f282,
        type: 3}
      propertyPath: m_LocalRotation.y
      value: 0.7071068
      objectReference: {fileID: 0}
    - target: {fileID: 6528373871576358128, guid: ab78d1c0288bef947a9b85246407f282,
        type: 3}
      propertyPath: m_LocalRotation.z
      value: 0
      objectReference: {fileID: 0}
    - target: {fileID: 6528373871576358128, guid: ab78d1c0288bef947a9b85246407f282,
        type: 3}
      propertyPath: m_LocalRotation.w
      value: 0.7071068
      objectReference: {fileID: 0}
    - target: {fileID: 6528373871576358128, guid: ab78d1c0288bef947a9b85246407f282,
        type: 3}
      propertyPath: m_RootOrder
      value: 5
      objectReference: {fileID: 0}
    - target: {fileID: 6528373871576358128, guid: ab78d1c0288bef947a9b85246407f282,
        type: 3}
      propertyPath: m_LocalEulerAnglesHint.x
      value: 0
      objectReference: {fileID: 0}
    - target: {fileID: 6528373871576358128, guid: ab78d1c0288bef947a9b85246407f282,
        type: 3}
      propertyPath: m_LocalEulerAnglesHint.y
      value: 90
      objectReference: {fileID: 0}
    - target: {fileID: 6528373871576358128, guid: ab78d1c0288bef947a9b85246407f282,
        type: 3}
      propertyPath: m_LocalEulerAnglesHint.z
      value: 0
      objectReference: {fileID: 0}
    - target: {fileID: 114872109012644876, guid: ab78d1c0288bef947a9b85246407f282,
        type: 3}
      propertyPath: putItem
      value: 
      objectReference: {fileID: 0}
    - target: {fileID: 114872109012644876, guid: ab78d1c0288bef947a9b85246407f282,
        type: 3}
      propertyPath: occupied
      value: 0
      objectReference: {fileID: 0}
    m_RemovedComponents: []
  m_SourcePrefab: {fileID: 100100000, guid: ab78d1c0288bef947a9b85246407f282, type: 3}
--- !u!4 &617773352 stripped
Transform:
  m_CorrespondingSourceObject: {fileID: 6528373871576358128, guid: ab78d1c0288bef947a9b85246407f282,
    type: 3}
  m_PrefabInstance: {fileID: 617773351}
  m_PrefabAsset: {fileID: 0}
--- !u!1001 &689787230
PrefabInstance:
  m_ObjectHideFlags: 0
  serializedVersion: 2
  m_Modification:
    m_TransformParent: {fileID: 1945190990}
    m_Modifications:
    - target: {fileID: 4790980771808611801, guid: 9efc6922ecee8e34eaf0a3b9f6ac96bf,
        type: 3}
      propertyPath: m_Name
      value: Table_Cut
      objectReference: {fileID: 0}
    - target: {fileID: 4790980771808973305, guid: 9efc6922ecee8e34eaf0a3b9f6ac96bf,
        type: 3}
      propertyPath: m_LocalPosition.x
      value: 1
      objectReference: {fileID: 0}
    - target: {fileID: 4790980771808973305, guid: 9efc6922ecee8e34eaf0a3b9f6ac96bf,
        type: 3}
      propertyPath: m_LocalPosition.y
      value: 0
      objectReference: {fileID: 0}
    - target: {fileID: 4790980771808973305, guid: 9efc6922ecee8e34eaf0a3b9f6ac96bf,
        type: 3}
      propertyPath: m_LocalPosition.z
      value: 1
      objectReference: {fileID: 0}
    - target: {fileID: 4790980771808973305, guid: 9efc6922ecee8e34eaf0a3b9f6ac96bf,
        type: 3}
      propertyPath: m_LocalRotation.x
      value: -0
      objectReference: {fileID: 0}
    - target: {fileID: 4790980771808973305, guid: 9efc6922ecee8e34eaf0a3b9f6ac96bf,
        type: 3}
      propertyPath: m_LocalRotation.y
      value: -0
      objectReference: {fileID: 0}
    - target: {fileID: 4790980771808973305, guid: 9efc6922ecee8e34eaf0a3b9f6ac96bf,
        type: 3}
      propertyPath: m_LocalRotation.z
      value: -0
      objectReference: {fileID: 0}
    - target: {fileID: 4790980771808973305, guid: 9efc6922ecee8e34eaf0a3b9f6ac96bf,
        type: 3}
      propertyPath: m_LocalRotation.w
      value: 1
      objectReference: {fileID: 0}
    - target: {fileID: 4790980771808973305, guid: 9efc6922ecee8e34eaf0a3b9f6ac96bf,
        type: 3}
      propertyPath: m_RootOrder
      value: 0
      objectReference: {fileID: 0}
    - target: {fileID: 4790980771808973305, guid: 9efc6922ecee8e34eaf0a3b9f6ac96bf,
        type: 3}
      propertyPath: m_LocalEulerAnglesHint.x
      value: 0
      objectReference: {fileID: 0}
    - target: {fileID: 4790980771808973305, guid: 9efc6922ecee8e34eaf0a3b9f6ac96bf,
        type: 3}
      propertyPath: m_LocalEulerAnglesHint.y
      value: 0
      objectReference: {fileID: 0}
    - target: {fileID: 4790980771808973305, guid: 9efc6922ecee8e34eaf0a3b9f6ac96bf,
        type: 3}
      propertyPath: m_LocalEulerAnglesHint.z
      value: 0
      objectReference: {fileID: 0}
    m_RemovedComponents: []
  m_SourcePrefab: {fileID: 100100000, guid: 9efc6922ecee8e34eaf0a3b9f6ac96bf, type: 3}
--- !u!4 &689787231 stripped
Transform:
  m_CorrespondingSourceObject: {fileID: 4790980771808973305, guid: 9efc6922ecee8e34eaf0a3b9f6ac96bf,
    type: 3}
  m_PrefabInstance: {fileID: 689787230}
  m_PrefabAsset: {fileID: 0}
--- !u!1001 &802901258
PrefabInstance:
  m_ObjectHideFlags: 0
  serializedVersion: 2
  m_Modification:
    m_TransformParent: {fileID: 1945190990}
    m_Modifications:
    - target: {fileID: 6528373871576842448, guid: ab78d1c0288bef947a9b85246407f282,
        type: 3}
      propertyPath: m_Name
      value: Table (1)
      objectReference: {fileID: 0}
    - target: {fileID: 6528373871576358128, guid: ab78d1c0288bef947a9b85246407f282,
        type: 3}
      propertyPath: m_LocalPosition.x
      value: 3
      objectReference: {fileID: 0}
    - target: {fileID: 6528373871576358128, guid: ab78d1c0288bef947a9b85246407f282,
        type: 3}
      propertyPath: m_LocalPosition.y
      value: 0
      objectReference: {fileID: 0}
    - target: {fileID: 6528373871576358128, guid: ab78d1c0288bef947a9b85246407f282,
        type: 3}
      propertyPath: m_LocalPosition.z
      value: 1
      objectReference: {fileID: 0}
    - target: {fileID: 6528373871576358128, guid: ab78d1c0288bef947a9b85246407f282,
        type: 3}
      propertyPath: m_LocalRotation.x
      value: -0
      objectReference: {fileID: 0}
    - target: {fileID: 6528373871576358128, guid: ab78d1c0288bef947a9b85246407f282,
        type: 3}
      propertyPath: m_LocalRotation.y
      value: -0
      objectReference: {fileID: 0}
    - target: {fileID: 6528373871576358128, guid: ab78d1c0288bef947a9b85246407f282,
        type: 3}
      propertyPath: m_LocalRotation.z
      value: -0
      objectReference: {fileID: 0}
    - target: {fileID: 6528373871576358128, guid: ab78d1c0288bef947a9b85246407f282,
        type: 3}
      propertyPath: m_LocalRotation.w
      value: 1
      objectReference: {fileID: 0}
    - target: {fileID: 6528373871576358128, guid: ab78d1c0288bef947a9b85246407f282,
        type: 3}
      propertyPath: m_RootOrder
      value: 1
      objectReference: {fileID: 0}
    - target: {fileID: 6528373871576358128, guid: ab78d1c0288bef947a9b85246407f282,
        type: 3}
      propertyPath: m_LocalEulerAnglesHint.x
      value: 0
      objectReference: {fileID: 0}
    - target: {fileID: 6528373871576358128, guid: ab78d1c0288bef947a9b85246407f282,
        type: 3}
      propertyPath: m_LocalEulerAnglesHint.y
      value: 0
      objectReference: {fileID: 0}
    - target: {fileID: 6528373871576358128, guid: ab78d1c0288bef947a9b85246407f282,
        type: 3}
      propertyPath: m_LocalEulerAnglesHint.z
      value: 0
      objectReference: {fileID: 0}
    - target: {fileID: 114872109012644876, guid: ab78d1c0288bef947a9b85246407f282,
        type: 3}
      propertyPath: putItem
      value: 
      objectReference: {fileID: 0}
    - target: {fileID: 114872109012644876, guid: ab78d1c0288bef947a9b85246407f282,
        type: 3}
      propertyPath: occupied
      value: 0
      objectReference: {fileID: 0}
    m_RemovedComponents: []
  m_SourcePrefab: {fileID: 100100000, guid: ab78d1c0288bef947a9b85246407f282, type: 3}
--- !u!4 &802901259 stripped
Transform:
  m_CorrespondingSourceObject: {fileID: 6528373871576358128, guid: ab78d1c0288bef947a9b85246407f282,
    type: 3}
  m_PrefabInstance: {fileID: 802901258}
  m_PrefabAsset: {fileID: 0}
--- !u!1001 &850703230
PrefabInstance:
  m_ObjectHideFlags: 0
  serializedVersion: 2
  m_Modification:
    m_TransformParent: {fileID: 0}
    m_Modifications:
    - target: {fileID: 1375745966271340724, guid: 4ef3d42874e944049acdcb9519c0552c,
        type: 3}
      propertyPath: m_Name
      value: Walls
      objectReference: {fileID: 0}
    - target: {fileID: 1375745966271340725, guid: 4ef3d42874e944049acdcb9519c0552c,
        type: 3}
      propertyPath: m_LocalPosition.x
      value: 0
      objectReference: {fileID: 0}
    - target: {fileID: 1375745966271340725, guid: 4ef3d42874e944049acdcb9519c0552c,
        type: 3}
      propertyPath: m_LocalPosition.y
      value: 0.5
      objectReference: {fileID: 0}
    - target: {fileID: 1375745966271340725, guid: 4ef3d42874e944049acdcb9519c0552c,
        type: 3}
      propertyPath: m_LocalPosition.z
      value: 0
      objectReference: {fileID: 0}
    - target: {fileID: 1375745966271340725, guid: 4ef3d42874e944049acdcb9519c0552c,
        type: 3}
      propertyPath: m_LocalRotation.x
      value: 0
      objectReference: {fileID: 0}
    - target: {fileID: 1375745966271340725, guid: 4ef3d42874e944049acdcb9519c0552c,
        type: 3}
      propertyPath: m_LocalRotation.y
      value: 0
      objectReference: {fileID: 0}
    - target: {fileID: 1375745966271340725, guid: 4ef3d42874e944049acdcb9519c0552c,
        type: 3}
      propertyPath: m_LocalRotation.z
      value: 0
      objectReference: {fileID: 0}
    - target: {fileID: 1375745966271340725, guid: 4ef3d42874e944049acdcb9519c0552c,
        type: 3}
      propertyPath: m_LocalRotation.w
      value: 1
      objectReference: {fileID: 0}
    - target: {fileID: 1375745966271340725, guid: 4ef3d42874e944049acdcb9519c0552c,
        type: 3}
      propertyPath: m_RootOrder
      value: 5
      objectReference: {fileID: 0}
    - target: {fileID: 1375745966271340725, guid: 4ef3d42874e944049acdcb9519c0552c,
        type: 3}
      propertyPath: m_LocalEulerAnglesHint.x
      value: 0
      objectReference: {fileID: 0}
    - target: {fileID: 1375745966271340725, guid: 4ef3d42874e944049acdcb9519c0552c,
        type: 3}
      propertyPath: m_LocalEulerAnglesHint.y
      value: 0
      objectReference: {fileID: 0}
    - target: {fileID: 1375745966271340725, guid: 4ef3d42874e944049acdcb9519c0552c,
        type: 3}
      propertyPath: m_LocalEulerAnglesHint.z
      value: 0
      objectReference: {fileID: 0}
    - target: {fileID: 1375745966271340725, guid: 4ef3d42874e944049acdcb9519c0552c,
        type: 3}
      propertyPath: m_LocalScale.x
      value: 0.5
      objectReference: {fileID: 0}
    - target: {fileID: 1375745966271340725, guid: 4ef3d42874e944049acdcb9519c0552c,
        type: 3}
      propertyPath: m_LocalScale.z
      value: 0.5
      objectReference: {fileID: 0}
    - target: {fileID: 1375745966496191722, guid: 4ef3d42874e944049acdcb9519c0552c,
        type: 3}
      propertyPath: m_LocalPosition.x
      value: -7.5
      objectReference: {fileID: 0}
    - target: {fileID: 1375745966496191722, guid: 4ef3d42874e944049acdcb9519c0552c,
        type: 3}
      propertyPath: m_LocalPosition.z
      value: 1
      objectReference: {fileID: 0}
    - target: {fileID: 1375745966496191722, guid: 4ef3d42874e944049acdcb9519c0552c,
        type: 3}
      propertyPath: m_LocalScale.z
      value: 17.5
      objectReference: {fileID: 0}
    - target: {fileID: 1375745966889422931, guid: 4ef3d42874e944049acdcb9519c0552c,
        type: 3}
      propertyPath: m_LocalPosition.z
      value: 9.5
      objectReference: {fileID: 0}
    - target: {fileID: 1375745966889422931, guid: 4ef3d42874e944049acdcb9519c0552c,
        type: 3}
      propertyPath: m_LocalScale.z
      value: 16.5
      objectReference: {fileID: 0}
    - target: {fileID: 1375745966889422931, guid: 4ef3d42874e944049acdcb9519c0552c,
        type: 3}
      propertyPath: m_LocalPosition.x
      value: 1
      objectReference: {fileID: 0}
    - target: {fileID: 1375745966505013556, guid: 4ef3d42874e944049acdcb9519c0552c,
        type: 3}
      propertyPath: m_LocalPosition.x
      value: 9.5
      objectReference: {fileID: 0}
    - target: {fileID: 1375745966505013556, guid: 4ef3d42874e944049acdcb9519c0552c,
        type: 3}
      propertyPath: m_LocalScale.z
      value: 17.5
      objectReference: {fileID: 0}
    - target: {fileID: 1375745966505013556, guid: 4ef3d42874e944049acdcb9519c0552c,
        type: 3}
      propertyPath: m_LocalPosition.z
      value: 1
      objectReference: {fileID: 0}
    - target: {fileID: 1375745965717673123, guid: 4ef3d42874e944049acdcb9519c0552c,
        type: 3}
      propertyPath: m_LocalPosition.z
      value: -7.5
      objectReference: {fileID: 0}
    - target: {fileID: 1375745965717673123, guid: 4ef3d42874e944049acdcb9519c0552c,
        type: 3}
      propertyPath: m_LocalRotation.x
      value: 0
      objectReference: {fileID: 0}
    - target: {fileID: 1375745965717673123, guid: 4ef3d42874e944049acdcb9519c0552c,
        type: 3}
      propertyPath: m_LocalRotation.z
      value: 0
      objectReference: {fileID: 0}
    - target: {fileID: 1375745965717673123, guid: 4ef3d42874e944049acdcb9519c0552c,
        type: 3}
      propertyPath: m_LocalPosition.x
      value: 1
      objectReference: {fileID: 0}
    - target: {fileID: 1375745965717673123, guid: 4ef3d42874e944049acdcb9519c0552c,
        type: 3}
      propertyPath: m_LocalScale.x
      value: 0.5
      objectReference: {fileID: 0}
    - target: {fileID: 1375745965717673123, guid: 4ef3d42874e944049acdcb9519c0552c,
        type: 3}
      propertyPath: m_LocalScale.z
      value: 16.5
      objectReference: {fileID: 0}
    m_RemovedComponents: []
  m_SourcePrefab: {fileID: 100100000, guid: 4ef3d42874e944049acdcb9519c0552c, type: 3}
--- !u!1001 &1105057971
PrefabInstance:
  m_ObjectHideFlags: 0
  serializedVersion: 2
  m_Modification:
    m_TransformParent: {fileID: 1945190990}
    m_Modifications:
    - target: {fileID: 6457334112007284006, guid: db5d8aa3de9622a449ccd03bf7ef4fd3,
        type: 3}
      propertyPath: m_Name
      value: Plate_Table
      objectReference: {fileID: 0}
    - target: {fileID: 6457334112007190790, guid: db5d8aa3de9622a449ccd03bf7ef4fd3,
        type: 3}
      propertyPath: m_LocalPosition.x
      value: 3
      objectReference: {fileID: 0}
    - target: {fileID: 6457334112007190790, guid: db5d8aa3de9622a449ccd03bf7ef4fd3,
        type: 3}
      propertyPath: m_LocalPosition.y
      value: 0
      objectReference: {fileID: 0}
    - target: {fileID: 6457334112007190790, guid: db5d8aa3de9622a449ccd03bf7ef4fd3,
        type: 3}
      propertyPath: m_LocalPosition.z
      value: -1
      objectReference: {fileID: 0}
    - target: {fileID: 6457334112007190790, guid: db5d8aa3de9622a449ccd03bf7ef4fd3,
        type: 3}
      propertyPath: m_LocalRotation.x
      value: 0
      objectReference: {fileID: 0}
    - target: {fileID: 6457334112007190790, guid: db5d8aa3de9622a449ccd03bf7ef4fd3,
        type: 3}
      propertyPath: m_LocalRotation.y
      value: -0.7071068
      objectReference: {fileID: 0}
    - target: {fileID: 6457334112007190790, guid: db5d8aa3de9622a449ccd03bf7ef4fd3,
        type: 3}
      propertyPath: m_LocalRotation.z
      value: 0
      objectReference: {fileID: 0}
    - target: {fileID: 6457334112007190790, guid: db5d8aa3de9622a449ccd03bf7ef4fd3,
        type: 3}
      propertyPath: m_LocalRotation.w
      value: 0.7071068
      objectReference: {fileID: 0}
    - target: {fileID: 6457334112007190790, guid: db5d8aa3de9622a449ccd03bf7ef4fd3,
        type: 3}
      propertyPath: m_RootOrder
      value: 3
      objectReference: {fileID: 0}
    - target: {fileID: 6457334112007190790, guid: db5d8aa3de9622a449ccd03bf7ef4fd3,
        type: 3}
      propertyPath: m_LocalEulerAnglesHint.x
      value: 0
      objectReference: {fileID: 0}
    - target: {fileID: 6457334112007190790, guid: db5d8aa3de9622a449ccd03bf7ef4fd3,
        type: 3}
      propertyPath: m_LocalEulerAnglesHint.y
      value: -90
      objectReference: {fileID: 0}
    - target: {fileID: 6457334112007190790, guid: db5d8aa3de9622a449ccd03bf7ef4fd3,
        type: 3}
      propertyPath: m_LocalEulerAnglesHint.z
      value: 0
      objectReference: {fileID: 0}
    m_RemovedComponents: []
  m_SourcePrefab: {fileID: 100100000, guid: db5d8aa3de9622a449ccd03bf7ef4fd3, type: 3}
--- !u!4 &1105057972 stripped
Transform:
  m_CorrespondingSourceObject: {fileID: 6457334112007190790, guid: db5d8aa3de9622a449ccd03bf7ef4fd3,
    type: 3}
  m_PrefabInstance: {fileID: 1105057971}
  m_PrefabAsset: {fileID: 0}
--- !u!1001 &1164699583
PrefabInstance:
  m_ObjectHideFlags: 0
  serializedVersion: 2
  m_Modification:
    m_TransformParent: {fileID: 1945190990}
    m_Modifications:
    - target: {fileID: 3356266594611579607, guid: 6feae37dedbf3ee47a1a293e188c5b2e,
        type: 3}
      propertyPath: m_Name
      value: Bin
      objectReference: {fileID: 0}
    - target: {fileID: 3356266594611418871, guid: 6feae37dedbf3ee47a1a293e188c5b2e,
        type: 3}
      propertyPath: m_LocalPosition.x
      value: -2
      objectReference: {fileID: 0}
    - target: {fileID: 3356266594611418871, guid: 6feae37dedbf3ee47a1a293e188c5b2e,
        type: 3}
      propertyPath: m_LocalPosition.y
      value: 0
      objectReference: {fileID: 0}
    - target: {fileID: 3356266594611418871, guid: 6feae37dedbf3ee47a1a293e188c5b2e,
        type: 3}
      propertyPath: m_LocalPosition.z
      value: -2
      objectReference: {fileID: 0}
    - target: {fileID: 3356266594611418871, guid: 6feae37dedbf3ee47a1a293e188c5b2e,
        type: 3}
      propertyPath: m_LocalRotation.x
      value: -0.50000006
      objectReference: {fileID: 0}
    - target: {fileID: 3356266594611418871, guid: 6feae37dedbf3ee47a1a293e188c5b2e,
        type: 3}
      propertyPath: m_LocalRotation.y
      value: -0.5
      objectReference: {fileID: 0}
    - target: {fileID: 3356266594611418871, guid: 6feae37dedbf3ee47a1a293e188c5b2e,
        type: 3}
      propertyPath: m_LocalRotation.z
      value: 0.50000006
      objectReference: {fileID: 0}
    - target: {fileID: 3356266594611418871, guid: 6feae37dedbf3ee47a1a293e188c5b2e,
        type: 3}
      propertyPath: m_LocalRotation.w
      value: 0.5
      objectReference: {fileID: 0}
    - target: {fileID: 3356266594611418871, guid: 6feae37dedbf3ee47a1a293e188c5b2e,
        type: 3}
      propertyPath: m_RootOrder
      value: 11
      objectReference: {fileID: 0}
    - target: {fileID: 3356266594611418871, guid: 6feae37dedbf3ee47a1a293e188c5b2e,
        type: 3}
      propertyPath: m_LocalEulerAnglesHint.x
      value: 0
      objectReference: {fileID: 0}
    - target: {fileID: 3356266594611418871, guid: 6feae37dedbf3ee47a1a293e188c5b2e,
        type: 3}
      propertyPath: m_LocalEulerAnglesHint.y
      value: -90.00001
      objectReference: {fileID: 0}
    - target: {fileID: 3356266594611418871, guid: 6feae37dedbf3ee47a1a293e188c5b2e,
        type: 3}
      propertyPath: m_LocalEulerAnglesHint.z
      value: 90.00001
      objectReference: {fileID: 0}
    - target: {fileID: 3356266594611418871, guid: 6feae37dedbf3ee47a1a293e188c5b2e,
        type: 3}
      propertyPath: m_LocalScale.x
      value: 1
      objectReference: {fileID: 0}
    - target: {fileID: 3356266594611418871, guid: 6feae37dedbf3ee47a1a293e188c5b2e,
        type: 3}
      propertyPath: m_LocalScale.y
      value: 1
      objectReference: {fileID: 0}
    - target: {fileID: 3356266594611418871, guid: 6feae37dedbf3ee47a1a293e188c5b2e,
        type: 3}
      propertyPath: m_LocalScale.z
      value: 1
      objectReference: {fileID: 0}
    m_RemovedComponents: []
  m_SourcePrefab: {fileID: 100100000, guid: 6feae37dedbf3ee47a1a293e188c5b2e, type: 3}
--- !u!4 &1164699584 stripped
Transform:
  m_CorrespondingSourceObject: {fileID: 3356266594611418871, guid: 6feae37dedbf3ee47a1a293e188c5b2e,
    type: 3}
  m_PrefabInstance: {fileID: 1164699583}
  m_PrefabAsset: {fileID: 0}
--- !u!1 &1188501567
GameObject:
  m_ObjectHideFlags: 0
  m_CorrespondingSourceObject: {fileID: 0}
  m_PrefabInstance: {fileID: 0}
  m_PrefabAsset: {fileID: 0}
  serializedVersion: 6
  m_Component:
  - component: {fileID: 1188501568}
  - component: {fileID: 1188501570}
  - component: {fileID: 1188501569}
  m_Layer: 5
  m_Name: TutorialText
  m_TagString: Untagged
  m_Icon: {fileID: 0}
  m_NavMeshLayer: 0
  m_StaticEditorFlags: 0
  m_IsActive: 1
--- !u!224 &1188501568
RectTransform:
  m_ObjectHideFlags: 0
  m_CorrespondingSourceObject: {fileID: 0}
  m_PrefabInstance: {fileID: 0}
  m_PrefabAsset: {fileID: 0}
  m_GameObject: {fileID: 1188501567}
  m_LocalRotation: {x: -0, y: -0, z: -0, w: 1}
  m_LocalPosition: {x: 0, y: 0, z: 0}
  m_LocalScale: {x: 1, y: 1, z: 1}
  m_Children: []
  m_Father: {fileID: 1808740446}
  m_RootOrder: 0
  m_LocalEulerAnglesHint: {x: 0, y: 0, z: 0}
  m_AnchorMin: {x: 0, y: 1}
  m_AnchorMax: {x: 0, y: 1}
  m_AnchoredPosition: {x: 20, y: -20}
  m_SizeDelta: {x: 460, y: 450}
  m_Pivot: {x: 0, y: 1}
--- !u!114 &1188501569
MonoBehaviour:
  m_ObjectHideFlags: 0
  m_CorrespondingSourceObject: {fileID: 0}
  m_PrefabInstance: {fileID: 0}
  m_PrefabAsset: {fileID: 0}
  m_GameObject: {fileID: 1188501567}
  m_Enabled: 1
  m_EditorHideFlags: 0
  m_Script: {fileID: 708705254, guid: f70555f144d8491a825f0804e09c671c, type: 3}
  m_Name: 
  m_EditorClassIdentifier: 
  m_Material: {fileID: 0}
  m_Color: {r: 0.19607843, g: 0.19607843, b: 0.19607843, a: 1}
  m_RaycastTarget: 1
  m_OnCullStateChanged:
    m_PersistentCalls:
      m_Calls: []
  m_FontData:
    m_Font: {fileID: 10102, guid: 0000000000000000e000000000000000, type: 0}
    m_FontSize: 40
    m_FontStyle: 0
    m_BestFit: 0
    m_MinSize: 0
    m_MaxSize: 60
    m_Alignment: 0
    m_AlignByGeometry: 0
    m_RichText: 1
    m_HorizontalOverflow: 0
    m_VerticalOverflow: 0
    m_LineSpacing: 1
  m_Text: 'N.B. If you leave the steak on too long, it will catch fire ! You can use
    the extinguisher to put the fire out (pick it up, aim at the fire, press [V])


    You then have to throw the burnt stuff away'
--- !u!222 &1188501570
CanvasRenderer:
  m_ObjectHideFlags: 0
  m_CorrespondingSourceObject: {fileID: 0}
  m_PrefabInstance: {fileID: 0}
  m_PrefabAsset: {fileID: 0}
  m_GameObject: {fileID: 1188501567}
  m_CullTransparentMesh: 0
--- !u!1001 &1557341163
PrefabInstance:
  m_ObjectHideFlags: 0
  serializedVersion: 2
  m_Modification:
    m_TransformParent: {fileID: 1945190990}
    m_Modifications:
    - target: {fileID: 6528373871576842448, guid: ab78d1c0288bef947a9b85246407f282,
        type: 3}
      propertyPath: m_Name
      value: Table (3)
      objectReference: {fileID: 0}
    - target: {fileID: 6528373871576358128, guid: ab78d1c0288bef947a9b85246407f282,
        type: 3}
      propertyPath: m_LocalPosition.x
      value: -2
      objectReference: {fileID: 0}
    - target: {fileID: 6528373871576358128, guid: ab78d1c0288bef947a9b85246407f282,
        type: 3}
      propertyPath: m_LocalPosition.y
      value: 0
      objectReference: {fileID: 0}
    - target: {fileID: 6528373871576358128, guid: ab78d1c0288bef947a9b85246407f282,
        type: 3}
      propertyPath: m_LocalPosition.z
      value: 1
      objectReference: {fileID: 0}
    - target: {fileID: 6528373871576358128, guid: ab78d1c0288bef947a9b85246407f282,
        type: 3}
      propertyPath: m_LocalRotation.x
      value: -0
      objectReference: {fileID: 0}
    - target: {fileID: 6528373871576358128, guid: ab78d1c0288bef947a9b85246407f282,
        type: 3}
      propertyPath: m_LocalRotation.y
      value: -0
      objectReference: {fileID: 0}
    - target: {fileID: 6528373871576358128, guid: ab78d1c0288bef947a9b85246407f282,
        type: 3}
      propertyPath: m_LocalRotation.z
      value: -0
      objectReference: {fileID: 0}
    - target: {fileID: 6528373871576358128, guid: ab78d1c0288bef947a9b85246407f282,
        type: 3}
      propertyPath: m_LocalRotation.w
      value: 1
      objectReference: {fileID: 0}
    - target: {fileID: 6528373871576358128, guid: ab78d1c0288bef947a9b85246407f282,
        type: 3}
      propertyPath: m_RootOrder
      value: 4
      objectReference: {fileID: 0}
    - target: {fileID: 6528373871576358128, guid: ab78d1c0288bef947a9b85246407f282,
        type: 3}
      propertyPath: m_LocalEulerAnglesHint.x
      value: 0
      objectReference: {fileID: 0}
    - target: {fileID: 6528373871576358128, guid: ab78d1c0288bef947a9b85246407f282,
        type: 3}
      propertyPath: m_LocalEulerAnglesHint.y
      value: 0
      objectReference: {fileID: 0}
    - target: {fileID: 6528373871576358128, guid: ab78d1c0288bef947a9b85246407f282,
        type: 3}
      propertyPath: m_LocalEulerAnglesHint.z
      value: 0
      objectReference: {fileID: 0}
    - target: {fileID: 114872109012644876, guid: ab78d1c0288bef947a9b85246407f282,
        type: 3}
      propertyPath: putItem
      value: 
      objectReference: {fileID: 0}
    - target: {fileID: 114872109012644876, guid: ab78d1c0288bef947a9b85246407f282,
        type: 3}
      propertyPath: occupied
      value: 0
      objectReference: {fileID: 0}
    m_RemovedComponents: []
  m_SourcePrefab: {fileID: 100100000, guid: ab78d1c0288bef947a9b85246407f282, type: 3}
--- !u!4 &1557341164 stripped
Transform:
  m_CorrespondingSourceObject: {fileID: 6528373871576358128, guid: ab78d1c0288bef947a9b85246407f282,
    type: 3}
  m_PrefabInstance: {fileID: 1557341163}
  m_PrefabAsset: {fileID: 0}
--- !u!1001 &1570761937
PrefabInstance:
  m_ObjectHideFlags: 0
  serializedVersion: 2
  m_Modification:
    m_TransformParent: {fileID: 0}
    m_Modifications:
    - target: {fileID: 2843487217901232390, guid: 925a8792cdfda440197e19d595e1458b,
        type: 3}
      propertyPath: m_Name
      value: TutorialText
      objectReference: {fileID: 0}
    - target: {fileID: 7308116883017093417, guid: 925a8792cdfda440197e19d595e1458b,
        type: 3}
      propertyPath: m_LocalPosition.x
      value: 0
      objectReference: {fileID: 0}
    - target: {fileID: 7308116883017093417, guid: 925a8792cdfda440197e19d595e1458b,
        type: 3}
      propertyPath: m_LocalPosition.y
      value: 0
      objectReference: {fileID: 0}
    - target: {fileID: 7308116883017093417, guid: 925a8792cdfda440197e19d595e1458b,
        type: 3}
      propertyPath: m_LocalPosition.z
      value: 0
      objectReference: {fileID: 0}
    - target: {fileID: 7308116883017093417, guid: 925a8792cdfda440197e19d595e1458b,
        type: 3}
      propertyPath: m_LocalRotation.x
      value: 0
      objectReference: {fileID: 0}
    - target: {fileID: 7308116883017093417, guid: 925a8792cdfda440197e19d595e1458b,
        type: 3}
      propertyPath: m_LocalRotation.y
      value: 0
      objectReference: {fileID: 0}
    - target: {fileID: 7308116883017093417, guid: 925a8792cdfda440197e19d595e1458b,
        type: 3}
      propertyPath: m_LocalRotation.z
      value: 0
      objectReference: {fileID: 0}
    - target: {fileID: 7308116883017093417, guid: 925a8792cdfda440197e19d595e1458b,
        type: 3}
      propertyPath: m_LocalRotation.w
      value: 1
      objectReference: {fileID: 0}
    - target: {fileID: 7308116883017093417, guid: 925a8792cdfda440197e19d595e1458b,
        type: 3}
      propertyPath: m_RootOrder
      value: 9
      objectReference: {fileID: 0}
    - target: {fileID: 7308116883017093417, guid: 925a8792cdfda440197e19d595e1458b,
        type: 3}
      propertyPath: m_LocalEulerAnglesHint.x
      value: 0
      objectReference: {fileID: 0}
    - target: {fileID: 7308116883017093417, guid: 925a8792cdfda440197e19d595e1458b,
        type: 3}
      propertyPath: m_LocalEulerAnglesHint.y
      value: 0
      objectReference: {fileID: 0}
    - target: {fileID: 7308116883017093417, guid: 925a8792cdfda440197e19d595e1458b,
        type: 3}
      propertyPath: m_LocalEulerAnglesHint.z
      value: 0
      objectReference: {fileID: 0}
    - target: {fileID: 7308116883017093417, guid: 925a8792cdfda440197e19d595e1458b,
        type: 3}
      propertyPath: m_AnchoredPosition.x
      value: 0
      objectReference: {fileID: 0}
    - target: {fileID: 7308116883017093417, guid: 925a8792cdfda440197e19d595e1458b,
        type: 3}
      propertyPath: m_AnchoredPosition.y
      value: 0
      objectReference: {fileID: 0}
    - target: {fileID: 7308116883017093417, guid: 925a8792cdfda440197e19d595e1458b,
        type: 3}
      propertyPath: m_SizeDelta.x
      value: 0
      objectReference: {fileID: 0}
    - target: {fileID: 7308116883017093417, guid: 925a8792cdfda440197e19d595e1458b,
        type: 3}
      propertyPath: m_SizeDelta.y
      value: 0
      objectReference: {fileID: 0}
    - target: {fileID: 7308116883017093417, guid: 925a8792cdfda440197e19d595e1458b,
        type: 3}
      propertyPath: m_AnchorMin.x
      value: 0
      objectReference: {fileID: 0}
    - target: {fileID: 7308116883017093417, guid: 925a8792cdfda440197e19d595e1458b,
        type: 3}
      propertyPath: m_AnchorMin.y
      value: 0
      objectReference: {fileID: 0}
    - target: {fileID: 7308116883017093417, guid: 925a8792cdfda440197e19d595e1458b,
        type: 3}
      propertyPath: m_AnchorMax.x
      value: 0
      objectReference: {fileID: 0}
    - target: {fileID: 7308116883017093417, guid: 925a8792cdfda440197e19d595e1458b,
        type: 3}
      propertyPath: m_AnchorMax.y
      value: 0
      objectReference: {fileID: 0}
    - target: {fileID: 7308116883017093417, guid: 925a8792cdfda440197e19d595e1458b,
        type: 3}
      propertyPath: m_Pivot.x
      value: 0
      objectReference: {fileID: 0}
    - target: {fileID: 7308116883017093417, guid: 925a8792cdfda440197e19d595e1458b,
        type: 3}
      propertyPath: m_Pivot.y
      value: 0
      objectReference: {fileID: 0}
    - target: {fileID: 3857124628090081673, guid: 925a8792cdfda440197e19d595e1458b,
        type: 3}
      propertyPath: m_Text
      value: Step 7
      objectReference: {fileID: 0}
    - target: {fileID: 672470856216607078, guid: 925a8792cdfda440197e19d595e1458b,
        type: 3}
      propertyPath: m_Text
      value: Let's try cooking a steak. Chop it first, then put in the pan !
      objectReference: {fileID: 0}
    - target: {fileID: 7185144264685031619, guid: 925a8792cdfda440197e19d595e1458b,
        type: 3}
      propertyPath: m_OnClick.m_PersistentCalls.m_Calls.Array.size
      value: 1
      objectReference: {fileID: 0}
    - target: {fileID: 7185144264685031619, guid: 925a8792cdfda440197e19d595e1458b,
        type: 3}
      propertyPath: m_OnClick.m_PersistentCalls.m_Calls.Array.data[0].m_Mode
      value: 5
      objectReference: {fileID: 0}
    - target: {fileID: 7185144264685031619, guid: 925a8792cdfda440197e19d595e1458b,
        type: 3}
      propertyPath: m_OnClick.m_PersistentCalls.m_Calls.Array.data[0].m_CallState
      value: 2
      objectReference: {fileID: 0}
    - target: {fileID: 7185144264685031619, guid: 925a8792cdfda440197e19d595e1458b,
        type: 3}
      propertyPath: m_OnClick.m_PersistentCalls.m_Calls.Array.data[0].m_Arguments.m_StringArgument
      value: Tuto8
      objectReference: {fileID: 0}
    - target: {fileID: 5723840123375001165, guid: 925a8792cdfda440197e19d595e1458b,
        type: 3}
      propertyPath: m_Name
      value: Prev button
      objectReference: {fileID: 0}
    - target: {fileID: 5723840123375001155, guid: 925a8792cdfda440197e19d595e1458b,
        type: 3}
      propertyPath: m_OnClick.m_PersistentCalls.m_Calls.Array.data[0].m_Arguments.m_StringArgument
      value: Tuto6
      objectReference: {fileID: 0}
    - target: {fileID: 5723840125000992794, guid: 925a8792cdfda440197e19d595e1458b,
        type: 3}
      propertyPath: m_Text
      value: '       Prev'
      objectReference: {fileID: 0}
    m_RemovedComponents: []
  m_SourcePrefab: {fileID: 100100000, guid: 925a8792cdfda440197e19d595e1458b, type: 3}
--- !u!224 &1570761938 stripped
RectTransform:
  m_CorrespondingSourceObject: {fileID: 7308116883017093417, guid: 925a8792cdfda440197e19d595e1458b,
    type: 3}
  m_PrefabInstance: {fileID: 1570761937}
  m_PrefabAsset: {fileID: 0}
--- !u!114 &1570761939 stripped
MonoBehaviour:
  m_CorrespondingSourceObject: {fileID: 114857263333563492, guid: 925a8792cdfda440197e19d595e1458b,
    type: 3}
  m_PrefabInstance: {fileID: 1570761937}
  m_PrefabAsset: {fileID: 0}
  m_GameObject: {fileID: 0}
  m_Enabled: 1
  m_EditorHideFlags: 0
  m_Script: {fileID: 11500000, guid: bb3d629983e5741c8b8501eb4e7fad76, type: 3}
  m_Name: 
  m_EditorClassIdentifier: 
--- !u!1001 &1591770129
PrefabInstance:
  m_ObjectHideFlags: 0
  serializedVersion: 2
  m_Modification:
    m_TransformParent: {fileID: 1570761938}
    m_Modifications:
    - target: {fileID: 963080205446942841, guid: 882361a40c7494b34a43de3e0638896a,
        type: 3}
      propertyPath: m_Name
      value: Button
      objectReference: {fileID: 0}
    - target: {fileID: 963080205446942840, guid: 882361a40c7494b34a43de3e0638896a,
        type: 3}
      propertyPath: m_LocalPosition.x
      value: 0
      objectReference: {fileID: 0}
    - target: {fileID: 963080205446942840, guid: 882361a40c7494b34a43de3e0638896a,
        type: 3}
      propertyPath: m_LocalPosition.y
      value: 0
      objectReference: {fileID: 0}
    - target: {fileID: 963080205446942840, guid: 882361a40c7494b34a43de3e0638896a,
        type: 3}
      propertyPath: m_LocalPosition.z
      value: 0
      objectReference: {fileID: 0}
    - target: {fileID: 963080205446942840, guid: 882361a40c7494b34a43de3e0638896a,
        type: 3}
      propertyPath: m_LocalRotation.x
      value: -0
      objectReference: {fileID: 0}
    - target: {fileID: 963080205446942840, guid: 882361a40c7494b34a43de3e0638896a,
        type: 3}
      propertyPath: m_LocalRotation.y
      value: -0
      objectReference: {fileID: 0}
    - target: {fileID: 963080205446942840, guid: 882361a40c7494b34a43de3e0638896a,
        type: 3}
      propertyPath: m_LocalRotation.z
      value: -0
      objectReference: {fileID: 0}
    - target: {fileID: 963080205446942840, guid: 882361a40c7494b34a43de3e0638896a,
        type: 3}
      propertyPath: m_LocalRotation.w
      value: 1
      objectReference: {fileID: 0}
    - target: {fileID: 963080205446942840, guid: 882361a40c7494b34a43de3e0638896a,
        type: 3}
      propertyPath: m_RootOrder
      value: 2
      objectReference: {fileID: 0}
    - target: {fileID: 963080205446942840, guid: 882361a40c7494b34a43de3e0638896a,
        type: 3}
      propertyPath: m_LocalEulerAnglesHint.x
      value: 0
      objectReference: {fileID: 0}
    - target: {fileID: 963080205446942840, guid: 882361a40c7494b34a43de3e0638896a,
        type: 3}
      propertyPath: m_LocalEulerAnglesHint.y
      value: 0
      objectReference: {fileID: 0}
    - target: {fileID: 963080205446942840, guid: 882361a40c7494b34a43de3e0638896a,
        type: 3}
      propertyPath: m_LocalEulerAnglesHint.z
      value: 0
      objectReference: {fileID: 0}
    - target: {fileID: 963080205446942840, guid: 882361a40c7494b34a43de3e0638896a,
        type: 3}
      propertyPath: m_AnchoredPosition.x
      value: -22.482483
      objectReference: {fileID: 0}
    - target: {fileID: 963080205446942840, guid: 882361a40c7494b34a43de3e0638896a,
        type: 3}
      propertyPath: m_AnchoredPosition.y
      value: -22.482422
      objectReference: {fileID: 0}
    - target: {fileID: 963080205446942840, guid: 882361a40c7494b34a43de3e0638896a,
        type: 3}
      propertyPath: m_SizeDelta.x
      value: 400
      objectReference: {fileID: 0}
    - target: {fileID: 963080205446942840, guid: 882361a40c7494b34a43de3e0638896a,
        type: 3}
      propertyPath: m_SizeDelta.y
      value: 100
      objectReference: {fileID: 0}
    - target: {fileID: 963080205446942840, guid: 882361a40c7494b34a43de3e0638896a,
        type: 3}
      propertyPath: m_AnchorMin.x
      value: 1
      objectReference: {fileID: 0}
    - target: {fileID: 963080205446942840, guid: 882361a40c7494b34a43de3e0638896a,
        type: 3}
      propertyPath: m_AnchorMin.y
      value: 1
      objectReference: {fileID: 0}
    - target: {fileID: 963080205446942840, guid: 882361a40c7494b34a43de3e0638896a,
        type: 3}
      propertyPath: m_AnchorMax.x
      value: 1
      objectReference: {fileID: 0}
    - target: {fileID: 963080205446942840, guid: 882361a40c7494b34a43de3e0638896a,
        type: 3}
      propertyPath: m_AnchorMax.y
      value: 1
      objectReference: {fileID: 0}
    - target: {fileID: 963080205446942840, guid: 882361a40c7494b34a43de3e0638896a,
        type: 3}
      propertyPath: m_Pivot.x
      value: 1
      objectReference: {fileID: 0}
    - target: {fileID: 963080205446942840, guid: 882361a40c7494b34a43de3e0638896a,
        type: 3}
      propertyPath: m_Pivot.y
      value: 1
      objectReference: {fileID: 0}
    - target: {fileID: 963080205446942840, guid: 882361a40c7494b34a43de3e0638896a,
        type: 3}
      propertyPath: m_LocalScale.x
      value: 1.1241218
      objectReference: {fileID: 0}
    - target: {fileID: 963080205446942840, guid: 882361a40c7494b34a43de3e0638896a,
        type: 3}
      propertyPath: m_LocalScale.y
      value: 1.1241218
      objectReference: {fileID: 0}
    - target: {fileID: 963080205446942840, guid: 882361a40c7494b34a43de3e0638896a,
        type: 3}
      propertyPath: m_LocalScale.z
      value: 1.1241218
      objectReference: {fileID: 0}
    - target: {fileID: 963080207039383086, guid: 882361a40c7494b34a43de3e0638896a,
        type: 3}
      propertyPath: m_Text
      value: Back to Menu
      objectReference: {fileID: 0}
    - target: {fileID: 963080207039383086, guid: 882361a40c7494b34a43de3e0638896a,
        type: 3}
      propertyPath: m_FontData.m_FontSize
      value: 40
      objectReference: {fileID: 0}
    - target: {fileID: 963080207039383086, guid: 882361a40c7494b34a43de3e0638896a,
        type: 3}
      propertyPath: m_FontData.m_MinSize
      value: 0
      objectReference: {fileID: 0}
    - target: {fileID: 963080205446942839, guid: 882361a40c7494b34a43de3e0638896a,
        type: 3}
      propertyPath: m_OnClick.m_PersistentCalls.m_Calls.Array.size
      value: 1
      objectReference: {fileID: 0}
    - target: {fileID: 963080205446942839, guid: 882361a40c7494b34a43de3e0638896a,
        type: 3}
      propertyPath: m_OnClick.m_PersistentCalls.m_Calls.Array.data[0].m_Mode
      value: 5
      objectReference: {fileID: 0}
    - target: {fileID: 963080205446942839, guid: 882361a40c7494b34a43de3e0638896a,
        type: 3}
      propertyPath: m_OnClick.m_PersistentCalls.m_Calls.Array.data[0].m_CallState
      value: 2
      objectReference: {fileID: 0}
    - target: {fileID: 963080205446942839, guid: 882361a40c7494b34a43de3e0638896a,
        type: 3}
      propertyPath: m_OnClick.m_PersistentCalls.m_Calls.Array.data[0].m_Target
      value: 
      objectReference: {fileID: 1570761939}
    - target: {fileID: 963080205446942839, guid: 882361a40c7494b34a43de3e0638896a,
        type: 3}
      propertyPath: m_OnClick.m_PersistentCalls.m_Calls.Array.data[0].m_MethodName
      value: LoadScene
      objectReference: {fileID: 0}
    - target: {fileID: 963080205446942839, guid: 882361a40c7494b34a43de3e0638896a,
        type: 3}
      propertyPath: m_OnClick.m_PersistentCalls.m_Calls.Array.data[0].m_Arguments.m_ObjectArgumentAssemblyTypeName
      value: UnityEngine.Object, UnityEngine
      objectReference: {fileID: 0}
    - target: {fileID: 963080205446942839, guid: 882361a40c7494b34a43de3e0638896a,
        type: 3}
      propertyPath: m_OnClick.m_PersistentCalls.m_Calls.Array.data[0].m_Arguments.m_StringArgument
      value: Main Menu
      objectReference: {fileID: 0}
    m_RemovedComponents: []
  m_SourcePrefab: {fileID: 100100000, guid: 882361a40c7494b34a43de3e0638896a, type: 3}
--- !u!1001 &1715440785
PrefabInstance:
  m_ObjectHideFlags: 0
  serializedVersion: 2
  m_Modification:
    m_TransformParent: {fileID: 0}
    m_Modifications:
    - target: {fileID: 7340078340904081091, guid: 622cb3a81bbef2f43ae5e0fba7e01489,
        type: 3}
      propertyPath: m_Name
      value: Steak_Raw
      objectReference: {fileID: 0}
    - target: {fileID: 7340078340904569571, guid: 622cb3a81bbef2f43ae5e0fba7e01489,
        type: 3}
      propertyPath: m_LocalPosition.x
      value: 0
      objectReference: {fileID: 0}
    - target: {fileID: 7340078340904569571, guid: 622cb3a81bbef2f43ae5e0fba7e01489,
        type: 3}
      propertyPath: m_LocalPosition.y
      value: 0.7
      objectReference: {fileID: 0}
    - target: {fileID: 7340078340904569571, guid: 622cb3a81bbef2f43ae5e0fba7e01489,
        type: 3}
      propertyPath: m_LocalPosition.z
      value: 1
      objectReference: {fileID: 0}
    - target: {fileID: 7340078340904569571, guid: 622cb3a81bbef2f43ae5e0fba7e01489,
        type: 3}
      propertyPath: m_LocalRotation.x
      value: 0
      objectReference: {fileID: 0}
    - target: {fileID: 7340078340904569571, guid: 622cb3a81bbef2f43ae5e0fba7e01489,
        type: 3}
      propertyPath: m_LocalRotation.y
      value: 0
      objectReference: {fileID: 0}
    - target: {fileID: 7340078340904569571, guid: 622cb3a81bbef2f43ae5e0fba7e01489,
        type: 3}
      propertyPath: m_LocalRotation.z
      value: 0
      objectReference: {fileID: 0}
    - target: {fileID: 7340078340904569571, guid: 622cb3a81bbef2f43ae5e0fba7e01489,
        type: 3}
      propertyPath: m_LocalRotation.w
      value: 1
      objectReference: {fileID: 0}
    - target: {fileID: 7340078340904569571, guid: 622cb3a81bbef2f43ae5e0fba7e01489,
        type: 3}
      propertyPath: m_RootOrder
      value: 7
      objectReference: {fileID: 0}
    - target: {fileID: 7340078340904569571, guid: 622cb3a81bbef2f43ae5e0fba7e01489,
        type: 3}
      propertyPath: m_LocalEulerAnglesHint.x
      value: 0
      objectReference: {fileID: 0}
    - target: {fileID: 7340078340904569571, guid: 622cb3a81bbef2f43ae5e0fba7e01489,
        type: 3}
      propertyPath: m_LocalEulerAnglesHint.y
      value: 0
      objectReference: {fileID: 0}
    - target: {fileID: 7340078340904569571, guid: 622cb3a81bbef2f43ae5e0fba7e01489,
        type: 3}
      propertyPath: m_LocalEulerAnglesHint.z
      value: 0
      objectReference: {fileID: 0}
    m_RemovedComponents: []
  m_SourcePrefab: {fileID: 100100000, guid: 622cb3a81bbef2f43ae5e0fba7e01489, type: 3}
--- !u!114 &1715440786 stripped
MonoBehaviour:
  m_CorrespondingSourceObject: {fileID: 114364339710630238, guid: 622cb3a81bbef2f43ae5e0fba7e01489,
    type: 3}
  m_PrefabInstance: {fileID: 1715440785}
  m_PrefabAsset: {fileID: 0}
  m_GameObject: {fileID: 0}
  m_Enabled: 1
  m_EditorHideFlags: 0
  m_Script: {fileID: 11500000, guid: 94639882371544b46a2742dd4261cbbb, type: 3}
  m_Name: 
  m_EditorClassIdentifier: 
--- !u!1001 &1805822976
PrefabInstance:
  m_ObjectHideFlags: 0
  serializedVersion: 2
  m_Modification:
    m_TransformParent: {fileID: 1945190990}
    m_Modifications:
    - target: {fileID: 6528373871576842448, guid: ab78d1c0288bef947a9b85246407f282,
        type: 3}
      propertyPath: m_Name
      value: Table (5)
      objectReference: {fileID: 0}
    - target: {fileID: 6528373871576358128, guid: ab78d1c0288bef947a9b85246407f282,
        type: 3}
      propertyPath: m_LocalPosition.x
      value: -2
      objectReference: {fileID: 0}
    - target: {fileID: 6528373871576358128, guid: ab78d1c0288bef947a9b85246407f282,
        type: 3}
      propertyPath: m_LocalPosition.y
      value: 0
      objectReference: {fileID: 0}
    - target: {fileID: 6528373871576358128, guid: ab78d1c0288bef947a9b85246407f282,
        type: 3}
      propertyPath: m_LocalPosition.z
      value: -1
      objectReference: {fileID: 0}
    - target: {fileID: 6528373871576358128, guid: ab78d1c0288bef947a9b85246407f282,
        type: 3}
      propertyPath: m_LocalRotation.x
      value: 0
      objectReference: {fileID: 0}
    - target: {fileID: 6528373871576358128, guid: ab78d1c0288bef947a9b85246407f282,
        type: 3}
      propertyPath: m_LocalRotation.y
      value: 0.7071068
      objectReference: {fileID: 0}
    - target: {fileID: 6528373871576358128, guid: ab78d1c0288bef947a9b85246407f282,
        type: 3}
      propertyPath: m_LocalRotation.z
      value: 0
      objectReference: {fileID: 0}
    - target: {fileID: 6528373871576358128, guid: ab78d1c0288bef947a9b85246407f282,
        type: 3}
      propertyPath: m_LocalRotation.w
      value: 0.7071068
      objectReference: {fileID: 0}
    - target: {fileID: 6528373871576358128, guid: ab78d1c0288bef947a9b85246407f282,
        type: 3}
      propertyPath: m_RootOrder
      value: 6
      objectReference: {fileID: 0}
    - target: {fileID: 6528373871576358128, guid: ab78d1c0288bef947a9b85246407f282,
        type: 3}
      propertyPath: m_LocalEulerAnglesHint.x
      value: 0
      objectReference: {fileID: 0}
    - target: {fileID: 6528373871576358128, guid: ab78d1c0288bef947a9b85246407f282,
        type: 3}
      propertyPath: m_LocalEulerAnglesHint.y
      value: 90
      objectReference: {fileID: 0}
    - target: {fileID: 6528373871576358128, guid: ab78d1c0288bef947a9b85246407f282,
        type: 3}
      propertyPath: m_LocalEulerAnglesHint.z
      value: 0
      objectReference: {fileID: 0}
    - target: {fileID: 114872109012644876, guid: ab78d1c0288bef947a9b85246407f282,
        type: 3}
      propertyPath: putItem
      value: 
      objectReference: {fileID: 0}
    - target: {fileID: 114872109012644876, guid: ab78d1c0288bef947a9b85246407f282,
        type: 3}
      propertyPath: occupied
      value: 0
      objectReference: {fileID: 0}
    - target: {fileID: 114872109012644876, guid: ab78d1c0288bef947a9b85246407f282,
        type: 3}
      propertyPath: startsWithExtinguisher
      value: 1
      objectReference: {fileID: 0}
    m_RemovedComponents: []
  m_SourcePrefab: {fileID: 100100000, guid: ab78d1c0288bef947a9b85246407f282, type: 3}
--- !u!4 &1805822977 stripped
Transform:
  m_CorrespondingSourceObject: {fileID: 6528373871576358128, guid: ab78d1c0288bef947a9b85246407f282,
    type: 3}
  m_PrefabInstance: {fileID: 1805822976}
  m_PrefabAsset: {fileID: 0}
--- !u!1001 &1808740445
PrefabInstance:
  m_ObjectHideFlags: 0
  serializedVersion: 2
  m_Modification:
    m_TransformParent: {fileID: 1570761938}
    m_Modifications:
    - target: {fileID: 6600335297758227243, guid: 329fa58be8d1d4071957d6140b982ff7,
        type: 3}
      propertyPath: m_Name
      value: InfoText
      objectReference: {fileID: 0}
    - target: {fileID: 6600335297758227242, guid: 329fa58be8d1d4071957d6140b982ff7,
        type: 3}
      propertyPath: m_LocalPosition.x
      value: 0
      objectReference: {fileID: 0}
    - target: {fileID: 6600335297758227242, guid: 329fa58be8d1d4071957d6140b982ff7,
        type: 3}
      propertyPath: m_LocalPosition.y
      value: 0
      objectReference: {fileID: 0}
    - target: {fileID: 6600335297758227242, guid: 329fa58be8d1d4071957d6140b982ff7,
        type: 3}
      propertyPath: m_LocalPosition.z
      value: 0
      objectReference: {fileID: 0}
    - target: {fileID: 6600335297758227242, guid: 329fa58be8d1d4071957d6140b982ff7,
        type: 3}
      propertyPath: m_LocalRotation.x
      value: -0
      objectReference: {fileID: 0}
    - target: {fileID: 6600335297758227242, guid: 329fa58be8d1d4071957d6140b982ff7,
        type: 3}
      propertyPath: m_LocalRotation.y
      value: -0
      objectReference: {fileID: 0}
    - target: {fileID: 6600335297758227242, guid: 329fa58be8d1d4071957d6140b982ff7,
        type: 3}
      propertyPath: m_LocalRotation.z
      value: -0
      objectReference: {fileID: 0}
    - target: {fileID: 6600335297758227242, guid: 329fa58be8d1d4071957d6140b982ff7,
        type: 3}
      propertyPath: m_LocalRotation.w
      value: 1
      objectReference: {fileID: 0}
    - target: {fileID: 6600335297758227242, guid: 329fa58be8d1d4071957d6140b982ff7,
        type: 3}
      propertyPath: m_RootOrder
      value: 1
      objectReference: {fileID: 0}
    - target: {fileID: 6600335297758227242, guid: 329fa58be8d1d4071957d6140b982ff7,
        type: 3}
      propertyPath: m_LocalEulerAnglesHint.x
      value: 0
      objectReference: {fileID: 0}
    - target: {fileID: 6600335297758227242, guid: 329fa58be8d1d4071957d6140b982ff7,
        type: 3}
      propertyPath: m_LocalEulerAnglesHint.y
      value: 0
      objectReference: {fileID: 0}
    - target: {fileID: 6600335297758227242, guid: 329fa58be8d1d4071957d6140b982ff7,
        type: 3}
      propertyPath: m_LocalEulerAnglesHint.z
      value: 0
      objectReference: {fileID: 0}
    - target: {fileID: 6600335297758227242, guid: 329fa58be8d1d4071957d6140b982ff7,
        type: 3}
      propertyPath: m_AnchoredPosition.x
      value: -20
      objectReference: {fileID: 0}
    - target: {fileID: 6600335297758227242, guid: 329fa58be8d1d4071957d6140b982ff7,
        type: 3}
      propertyPath: m_AnchoredPosition.y
      value: -150
      objectReference: {fileID: 0}
    - target: {fileID: 6600335297758227242, guid: 329fa58be8d1d4071957d6140b982ff7,
        type: 3}
      propertyPath: m_SizeDelta.x
      value: 500
      objectReference: {fileID: 0}
    - target: {fileID: 6600335297758227242, guid: 329fa58be8d1d4071957d6140b982ff7,
        type: 3}
      propertyPath: m_SizeDelta.y
      value: 450
      objectReference: {fileID: 0}
    - target: {fileID: 6600335297758227242, guid: 329fa58be8d1d4071957d6140b982ff7,
        type: 3}
      propertyPath: m_AnchorMin.x
      value: 1
      objectReference: {fileID: 0}
    - target: {fileID: 6600335297758227242, guid: 329fa58be8d1d4071957d6140b982ff7,
        type: 3}
      propertyPath: m_AnchorMin.y
      value: 1
      objectReference: {fileID: 0}
    - target: {fileID: 6600335297758227242, guid: 329fa58be8d1d4071957d6140b982ff7,
        type: 3}
      propertyPath: m_AnchorMax.x
      value: 1
      objectReference: {fileID: 0}
    - target: {fileID: 6600335297758227242, guid: 329fa58be8d1d4071957d6140b982ff7,
        type: 3}
      propertyPath: m_AnchorMax.y
      value: 1
      objectReference: {fileID: 0}
    - target: {fileID: 6600335297758227242, guid: 329fa58be8d1d4071957d6140b982ff7,
        type: 3}
      propertyPath: m_Pivot.x
      value: 1
      objectReference: {fileID: 0}
    - target: {fileID: 6600335297758227242, guid: 329fa58be8d1d4071957d6140b982ff7,
        type: 3}
      propertyPath: m_Pivot.y
      value: 1
      objectReference: {fileID: 0}
    m_RemovedComponents: []
  m_SourcePrefab: {fileID: 100100000, guid: 329fa58be8d1d4071957d6140b982ff7, type: 3}
--- !u!224 &1808740446 stripped
RectTransform:
  m_CorrespondingSourceObject: {fileID: 6600335297758227242, guid: 329fa58be8d1d4071957d6140b982ff7,
    type: 3}
  m_PrefabInstance: {fileID: 1808740445}
  m_PrefabAsset: {fileID: 0}
--- !u!1001 &1927912990
PrefabInstance:
  m_ObjectHideFlags: 0
  serializedVersion: 2
  m_Modification:
    m_TransformParent: {fileID: 0}
    m_Modifications:
    - target: {fileID: 5488952982790921611, guid: 5c13ac6703c6744639abcf9fc662ecc4,
        type: 3}
      propertyPath: m_Name
      value: CameraController
      objectReference: {fileID: 0}
    - target: {fileID: 5488952982790921622, guid: 5c13ac6703c6744639abcf9fc662ecc4,
        type: 3}
      propertyPath: m_LocalPosition.x
      value: 0
      objectReference: {fileID: 0}
    - target: {fileID: 5488952982790921622, guid: 5c13ac6703c6744639abcf9fc662ecc4,
        type: 3}
      propertyPath: m_LocalPosition.y
      value: 6.5
      objectReference: {fileID: 0}
    - target: {fileID: 5488952982790921622, guid: 5c13ac6703c6744639abcf9fc662ecc4,
        type: 3}
      propertyPath: m_LocalPosition.z
      value: -7
      objectReference: {fileID: 0}
    - target: {fileID: 5488952982790921622, guid: 5c13ac6703c6744639abcf9fc662ecc4,
        type: 3}
      propertyPath: m_LocalRotation.x
      value: 0.30070576
      objectReference: {fileID: 0}
    - target: {fileID: 5488952982790921622, guid: 5c13ac6703c6744639abcf9fc662ecc4,
        type: 3}
      propertyPath: m_LocalRotation.y
      value: 0
      objectReference: {fileID: 0}
    - target: {fileID: 5488952982790921622, guid: 5c13ac6703c6744639abcf9fc662ecc4,
        type: 3}
      propertyPath: m_LocalRotation.z
      value: 0
      objectReference: {fileID: 0}
    - target: {fileID: 5488952982790921622, guid: 5c13ac6703c6744639abcf9fc662ecc4,
        type: 3}
      propertyPath: m_LocalRotation.w
      value: 0.953717
      objectReference: {fileID: 0}
    - target: {fileID: 5488952982790921622, guid: 5c13ac6703c6744639abcf9fc662ecc4,
        type: 3}
      propertyPath: m_RootOrder
      value: 4
      objectReference: {fileID: 0}
    - target: {fileID: 5488952982790921622, guid: 5c13ac6703c6744639abcf9fc662ecc4,
        type: 3}
      propertyPath: m_LocalEulerAnglesHint.x
      value: 35
      objectReference: {fileID: 0}
    - target: {fileID: 5488952982790921622, guid: 5c13ac6703c6744639abcf9fc662ecc4,
        type: 3}
      propertyPath: m_LocalEulerAnglesHint.y
      value: 0
      objectReference: {fileID: 0}
    - target: {fileID: 5488952982790921622, guid: 5c13ac6703c6744639abcf9fc662ecc4,
        type: 3}
      propertyPath: m_LocalEulerAnglesHint.z
      value: 0
      objectReference: {fileID: 0}
    - target: {fileID: 5488952982790921623, guid: 5c13ac6703c6744639abcf9fc662ecc4,
        type: 3}
      propertyPath: player
      value: 
      objectReference: {fileID: 0}
    m_RemovedComponents: []
  m_SourcePrefab: {fileID: 100100000, guid: 5c13ac6703c6744639abcf9fc662ecc4, type: 3}
--- !u!114 &1927912991 stripped
MonoBehaviour:
  m_CorrespondingSourceObject: {fileID: 5488952982790921623, guid: 5c13ac6703c6744639abcf9fc662ecc4,
    type: 3}
  m_PrefabInstance: {fileID: 1927912990}
  m_PrefabAsset: {fileID: 0}
  m_GameObject: {fileID: 0}
  m_Enabled: 1
  m_EditorHideFlags: 0
  m_Script: {fileID: 11500000, guid: 9b0e55491b5f948b390d8ea568839c92, type: 3}
  m_Name: 
  m_EditorClassIdentifier: 
--- !u!1 &1945190989
GameObject:
  m_ObjectHideFlags: 0
  m_CorrespondingSourceObject: {fileID: 0}
  m_PrefabInstance: {fileID: 0}
  m_PrefabAsset: {fileID: 0}
  serializedVersion: 6
  m_Component:
  - component: {fileID: 1945190990}
  m_Layer: 0
  m_Name: Tables
  m_TagString: Untagged
  m_Icon: {fileID: 0}
  m_NavMeshLayer: 0
  m_StaticEditorFlags: 0
  m_IsActive: 1
--- !u!4 &1945190990
Transform:
  m_ObjectHideFlags: 0
  m_CorrespondingSourceObject: {fileID: 0}
  m_PrefabInstance: {fileID: 0}
  m_PrefabAsset: {fileID: 0}
  m_GameObject: {fileID: 1945190989}
  m_LocalRotation: {x: 0, y: 0, z: 0, w: 1}
  m_LocalPosition: {x: 0, y: 0, z: 0}
  m_LocalScale: {x: 1, y: 1, z: 1}
  m_Children:
  - {fileID: 689787231}
  - {fileID: 802901259}
  - {fileID: 36976621}
  - {fileID: 1105057972}
  - {fileID: 1557341164}
  - {fileID: 617773352}
  - {fileID: 1805822977}
  - {fileID: 2123279203}
  - {fileID: 2040256160}
  - {fileID: 341053299}
  - {fileID: 593476703}
  - {fileID: 1164699584}
  m_Father: {fileID: 0}
  m_RootOrder: 8
  m_LocalEulerAnglesHint: {x: 0, y: 0, z: 0}
--- !u!1001 &1995764960
PrefabInstance:
  m_ObjectHideFlags: 0
  serializedVersion: 2
  m_Modification:
    m_TransformParent: {fileID: 0}
    m_Modifications:
    - target: {fileID: 1467045702776346543, guid: 5170e2c30bf0a40af9388ff53e33d390,
        type: 3}
      propertyPath: m_Name
      value: GameManager
      objectReference: {fileID: 0}
    - target: {fileID: 1467045702776346540, guid: 5170e2c30bf0a40af9388ff53e33d390,
        type: 3}
      propertyPath: cameraController
      value: 
      objectReference: {fileID: 1927912991}
    - target: {fileID: 1467045702776346540, guid: 5170e2c30bf0a40af9388ff53e33d390,
        type: 3}
      propertyPath: currentLevel
      value: -1
      objectReference: {fileID: 0}
    - target: {fileID: 1467045702776346540, guid: 5170e2c30bf0a40af9388ff53e33d390,
        type: 3}
      propertyPath: initialPlayerPosition.x
      value: 0
      objectReference: {fileID: 0}
    - target: {fileID: 1467045702776346541, guid: 5170e2c30bf0a40af9388ff53e33d390,
        type: 3}
      propertyPath: m_LocalPosition.x
      value: 0
      objectReference: {fileID: 0}
    - target: {fileID: 1467045702776346541, guid: 5170e2c30bf0a40af9388ff53e33d390,
        type: 3}
      propertyPath: m_LocalPosition.y
      value: 1
      objectReference: {fileID: 0}
    - target: {fileID: 1467045702776346541, guid: 5170e2c30bf0a40af9388ff53e33d390,
        type: 3}
      propertyPath: m_LocalPosition.z
      value: 0
      objectReference: {fileID: 0}
    - target: {fileID: 1467045702776346541, guid: 5170e2c30bf0a40af9388ff53e33d390,
        type: 3}
      propertyPath: m_LocalRotation.x
      value: 0
      objectReference: {fileID: 0}
    - target: {fileID: 1467045702776346541, guid: 5170e2c30bf0a40af9388ff53e33d390,
        type: 3}
      propertyPath: m_LocalRotation.y
      value: 0
      objectReference: {fileID: 0}
    - target: {fileID: 1467045702776346541, guid: 5170e2c30bf0a40af9388ff53e33d390,
        type: 3}
      propertyPath: m_LocalRotation.z
      value: 0
      objectReference: {fileID: 0}
    - target: {fileID: 1467045702776346541, guid: 5170e2c30bf0a40af9388ff53e33d390,
        type: 3}
      propertyPath: m_LocalRotation.w
      value: 1
      objectReference: {fileID: 0}
    - target: {fileID: 1467045702776346541, guid: 5170e2c30bf0a40af9388ff53e33d390,
        type: 3}
      propertyPath: m_RootOrder
      value: 1
      objectReference: {fileID: 0}
    - target: {fileID: 1467045702776346541, guid: 5170e2c30bf0a40af9388ff53e33d390,
        type: 3}
      propertyPath: m_LocalEulerAnglesHint.x
      value: 0
      objectReference: {fileID: 0}
    - target: {fileID: 1467045702776346541, guid: 5170e2c30bf0a40af9388ff53e33d390,
        type: 3}
      propertyPath: m_LocalEulerAnglesHint.y
      value: 0
      objectReference: {fileID: 0}
    - target: {fileID: 1467045702776346541, guid: 5170e2c30bf0a40af9388ff53e33d390,
        type: 3}
      propertyPath: m_LocalEulerAnglesHint.z
      value: 0
      objectReference: {fileID: 0}
    - target: {fileID: 82405500972693054, guid: 5170e2c30bf0a40af9388ff53e33d390,
        type: 3}
      propertyPath: m_PlayOnAwake
      value: 1
      objectReference: {fileID: 0}
    - target: {fileID: 82405500972693054, guid: 5170e2c30bf0a40af9388ff53e33d390,
        type: 3}
      propertyPath: m_Volume
      value: 1
      objectReference: {fileID: 0}
    - target: {fileID: 82405500972693054, guid: 5170e2c30bf0a40af9388ff53e33d390,
        type: 3}
      propertyPath: BypassReverbZones
      value: 0
      objectReference: {fileID: 0}
    - target: {fileID: 82405500972693054, guid: 5170e2c30bf0a40af9388ff53e33d390,
        type: 3}
      propertyPath: Priority
      value: 120
      objectReference: {fileID: 0}
    m_RemovedComponents: []
  m_SourcePrefab: {fileID: 100100000, guid: 5170e2c30bf0a40af9388ff53e33d390, type: 3}
--- !u!1001 &2040256159
PrefabInstance:
  m_ObjectHideFlags: 0
  serializedVersion: 2
  m_Modification:
    m_TransformParent: {fileID: 1945190990}
    m_Modifications:
    - target: {fileID: 3097277307529777788, guid: 22f9b97348f3c0d44afe5c30a340d667,
        type: 3}
      propertyPath: m_Name
      value: Table_HotPlates
      objectReference: {fileID: 0}
    - target: {fileID: 3097277307530202716, guid: 22f9b97348f3c0d44afe5c30a340d667,
        type: 3}
      propertyPath: m_LocalPosition.x
      value: 2
      objectReference: {fileID: 0}
    - target: {fileID: 3097277307530202716, guid: 22f9b97348f3c0d44afe5c30a340d667,
        type: 3}
      propertyPath: m_LocalPosition.y
      value: 0
      objectReference: {fileID: 0}
    - target: {fileID: 3097277307530202716, guid: 22f9b97348f3c0d44afe5c30a340d667,
        type: 3}
      propertyPath: m_LocalPosition.z
      value: 1
      objectReference: {fileID: 0}
    - target: {fileID: 3097277307530202716, guid: 22f9b97348f3c0d44afe5c30a340d667,
        type: 3}
      propertyPath: m_LocalRotation.x
      value: 0
      objectReference: {fileID: 0}
    - target: {fileID: 3097277307530202716, guid: 22f9b97348f3c0d44afe5c30a340d667,
        type: 3}
      propertyPath: m_LocalRotation.y
      value: 0
      objectReference: {fileID: 0}
    - target: {fileID: 3097277307530202716, guid: 22f9b97348f3c0d44afe5c30a340d667,
        type: 3}
      propertyPath: m_LocalRotation.z
      value: 0
      objectReference: {fileID: 0}
    - target: {fileID: 3097277307530202716, guid: 22f9b97348f3c0d44afe5c30a340d667,
        type: 3}
      propertyPath: m_LocalRotation.w
      value: 1
      objectReference: {fileID: 0}
    - target: {fileID: 3097277307530202716, guid: 22f9b97348f3c0d44afe5c30a340d667,
        type: 3}
      propertyPath: m_RootOrder
      value: 8
      objectReference: {fileID: 0}
    - target: {fileID: 3097277307530202716, guid: 22f9b97348f3c0d44afe5c30a340d667,
        type: 3}
      propertyPath: m_LocalEulerAnglesHint.x
      value: 0
      objectReference: {fileID: 0}
    - target: {fileID: 3097277307530202716, guid: 22f9b97348f3c0d44afe5c30a340d667,
        type: 3}
      propertyPath: m_LocalEulerAnglesHint.y
      value: 0
      objectReference: {fileID: 0}
    - target: {fileID: 3097277307530202716, guid: 22f9b97348f3c0d44afe5c30a340d667,
        type: 3}
      propertyPath: m_LocalEulerAnglesHint.z
      value: 0
      objectReference: {fileID: 0}
    m_RemovedComponents: []
  m_SourcePrefab: {fileID: 100100000, guid: 22f9b97348f3c0d44afe5c30a340d667, type: 3}
--- !u!4 &2040256160 stripped
Transform:
  m_CorrespondingSourceObject: {fileID: 3097277307530202716, guid: 22f9b97348f3c0d44afe5c30a340d667,
    type: 3}
  m_PrefabInstance: {fileID: 2040256159}
  m_PrefabAsset: {fileID: 0}
--- !u!1001 &2123279202
PrefabInstance:
  m_ObjectHideFlags: 0
  serializedVersion: 2
  m_Modification:
    m_TransformParent: {fileID: 1945190990}
    m_Modifications:
    - target: {fileID: 6528373871576842448, guid: ab78d1c0288bef947a9b85246407f282,
        type: 3}
      propertyPath: m_Name
      value: Table (6)
      objectReference: {fileID: 0}
    - target: {fileID: 6528373871576358128, guid: ab78d1c0288bef947a9b85246407f282,
        type: 3}
      propertyPath: m_LocalPosition.x
      value: 3
      objectReference: {fileID: 0}
    - target: {fileID: 6528373871576358128, guid: ab78d1c0288bef947a9b85246407f282,
        type: 3}
      propertyPath: m_LocalPosition.y
      value: 0
      objectReference: {fileID: 0}
    - target: {fileID: 6528373871576358128, guid: ab78d1c0288bef947a9b85246407f282,
        type: 3}
      propertyPath: m_LocalPosition.z
      value: -2
      objectReference: {fileID: 0}
    - target: {fileID: 6528373871576358128, guid: ab78d1c0288bef947a9b85246407f282,
        type: 3}
      propertyPath: m_LocalRotation.x
      value: -0
      objectReference: {fileID: 0}
    - target: {fileID: 6528373871576358128, guid: ab78d1c0288bef947a9b85246407f282,
        type: 3}
      propertyPath: m_LocalRotation.y
      value: -0
      objectReference: {fileID: 0}
    - target: {fileID: 6528373871576358128, guid: ab78d1c0288bef947a9b85246407f282,
        type: 3}
      propertyPath: m_LocalRotation.z
      value: -0
      objectReference: {fileID: 0}
    - target: {fileID: 6528373871576358128, guid: ab78d1c0288bef947a9b85246407f282,
        type: 3}
      propertyPath: m_LocalRotation.w
      value: 1
      objectReference: {fileID: 0}
    - target: {fileID: 6528373871576358128, guid: ab78d1c0288bef947a9b85246407f282,
        type: 3}
      propertyPath: m_RootOrder
      value: 7
      objectReference: {fileID: 0}
    - target: {fileID: 6528373871576358128, guid: ab78d1c0288bef947a9b85246407f282,
        type: 3}
      propertyPath: m_LocalEulerAnglesHint.x
      value: 0
      objectReference: {fileID: 0}
    - target: {fileID: 6528373871576358128, guid: ab78d1c0288bef947a9b85246407f282,
        type: 3}
      propertyPath: m_LocalEulerAnglesHint.y
      value: 0
      objectReference: {fileID: 0}
    - target: {fileID: 6528373871576358128, guid: ab78d1c0288bef947a9b85246407f282,
        type: 3}
      propertyPath: m_LocalEulerAnglesHint.z
      value: 0
      objectReference: {fileID: 0}
    - target: {fileID: 114872109012644876, guid: ab78d1c0288bef947a9b85246407f282,
        type: 3}
      propertyPath: putItem
      value: 
      objectReference: {fileID: 0}
    - target: {fileID: 114872109012644876, guid: ab78d1c0288bef947a9b85246407f282,
        type: 3}
      propertyPath: occupied
      value: 0
      objectReference: {fileID: 0}
    m_RemovedComponents: []
  m_SourcePrefab: {fileID: 100100000, guid: ab78d1c0288bef947a9b85246407f282, type: 3}
--- !u!4 &2123279203 stripped
Transform:
  m_CorrespondingSourceObject: {fileID: 6528373871576358128, guid: ab78d1c0288bef947a9b85246407f282,
    type: 3}
  m_PrefabInstance: {fileID: 2123279202}
  m_PrefabAsset: {fileID: 0}
