%YAML 1.1
%TAG !u! tag:unity3d.com,2011:
--- !u!1 &6528373871576842448
GameObject:
  m_ObjectHideFlags: 0
  m_CorrespondingSourceObject: {fileID: 0}
  m_PrefabInstance: {fileID: 0}
  m_PrefabAsset: {fileID: 0}
  serializedVersion: 6
  m_Component:
  - component: {fileID: 6528373871576358128}
  - component: {fileID: 6528373871579782352}
  - component: {fileID: 6528373871578783248}
  - component: {fileID: 114872109012644876}
  - component: {fileID: 54218155678734348}
  - component: {fileID: 64778625331501112}
  m_Layer: 9
  m_Name: Table
  m_TagString: Untagged
  m_Icon: {fileID: 0}
  m_NavMeshLayer: 0
  m_StaticEditorFlags: 0
  m_IsActive: 1
--- !u!4 &6528373871576358128
Transform:
  m_ObjectHideFlags: 0
  m_CorrespondingSourceObject: {fileID: 0}
  m_PrefabInstance: {fileID: 0}
  m_PrefabAsset: {fileID: 0}
  m_GameObject: {fileID: 6528373871576842448}
  m_LocalRotation: {x: 0, y: 0, z: 0, w: 1}
  m_LocalPosition: {x: -3.1817331, y: 0.0000000547708, z: 2.0431178}
  m_LocalScale: {x: 1, y: 1, z: 1}
  m_Children: []
  m_Father: {fileID: 0}
  m_RootOrder: 0
  m_LocalEulerAnglesHint: {x: 0, y: 0, z: 0}
--- !u!33 &6528373871579782352
MeshFilter:
  m_ObjectHideFlags: 0
  m_CorrespondingSourceObject: {fileID: 0}
  m_PrefabInstance: {fileID: 0}
  m_PrefabAsset: {fileID: 0}
  m_GameObject: {fileID: 6528373871576842448}
  m_Mesh: {fileID: 4300000, guid: 2aedf77382985cf40b37ebd1eebb02a6, type: 3}
--- !u!23 &6528373871578783248
MeshRenderer:
  m_ObjectHideFlags: 0
  m_CorrespondingSourceObject: {fileID: 0}
  m_PrefabInstance: {fileID: 0}
  m_PrefabAsset: {fileID: 0}
  m_GameObject: {fileID: 6528373871576842448}
  m_Enabled: 1
  m_CastShadows: 1
  m_ReceiveShadows: 1
  m_DynamicOccludee: 1
  m_MotionVectors: 1
  m_LightProbeUsage: 1
  m_ReflectionProbeUsage: 1
  m_RenderingLayerMask: 1
  m_RendererPriority: 0
  m_Materials:
  - {fileID: 2100000, guid: c07ba28e0de5fbd4ea3f1bfc1433a747, type: 2}
  - {fileID: 2100000, guid: cc7dc6bf2b1a6e547b2dbd1940b4569d, type: 2}
  m_StaticBatchInfo:
    firstSubMesh: 0
    subMeshCount: 0
  m_StaticBatchRoot: {fileID: 0}
  m_ProbeAnchor: {fileID: 0}
  m_LightProbeVolumeOverride: {fileID: 0}
  m_ScaleInLightmap: 1
  m_PreserveUVs: 0
  m_IgnoreNormalsForChartDetection: 0
  m_ImportantGI: 0
  m_StitchLightmapSeams: 0
  m_SelectedEditorRenderState: 3
  m_MinimumChartSize: 4
  m_AutoUVMaxDistance: 0.5
  m_AutoUVMaxAngle: 89
  m_LightmapParameters: {fileID: 0}
  m_SortingLayerID: 0
  m_SortingLayer: 0
  m_SortingOrder: 0
--- !u!114 &114872109012644876
MonoBehaviour:
  m_ObjectHideFlags: 0
  m_CorrespondingSourceObject: {fileID: 0}
  m_PrefabInstance: {fileID: 0}
  m_PrefabAsset: {fileID: 0}
  m_GameObject: {fileID: 6528373871576842448}
  m_Enabled: 1
  m_EditorHideFlags: 0
  m_Script: {fileID: 11500000, guid: 898c5e2c17523463da1eccc3dbd11b77, type: 3}
  m_Name: 
  m_EditorClassIdentifier: 
  SliderPrefab: {fileID: 0}
  occupied: 0
  putItem: {fileID: 0}
  onFire: 0
  firePrefab: {fileID: 1725317912486240, guid: e55149ba6f4d00741984987e258c3378, type: 3}
  burntIngredientPrefab: {fileID: 3103065299884526538, guid: 2446e48e8f0344e868b45bceaf7d91d7,
    type: 3}
  burntPlatePrefab: {fileID: 7859480454502388090, guid: 56b5ddf44a2d44210ad5a0b6fd0d7bec,
    type: 3}
  burntFryingPanPrefab: {fileID: 7559581893570188491, guid: 49f02b55d3626401e84e245b28d6ae09,
    type: 3}
  burntSaucePanPrefab: {fileID: 0}
  ExtinguisherPrefab: {fileID: 933428280, guid: 27c6e348267dda541b737f5be5ffa930,
    type: 3}
  startsWithExtinguisher: 0
  adjacentTables: []
--- !u!54 &54218155678734348
Rigidbody:
  m_ObjectHideFlags: 0
  m_CorrespondingSourceObject: {fileID: 0}
  m_PrefabInstance: {fileID: 0}
  m_PrefabAsset: {fileID: 0}
  m_GameObject: {fileID: 6528373871576842448}
  serializedVersion: 2
  m_Mass: 1
  m_Drag: 0
  m_AngularDrag: 0.05
  m_UseGravity: 1
  m_IsKinematic: 1
  m_Interpolate: 0
  m_Constraints: 0
  m_CollisionDetection: 0
--- !u!64 &64778625331501112
MeshCollider:
  m_ObjectHideFlags: 0
  m_CorrespondingSourceObject: {fileID: 0}
  m_PrefabInstance: {fileID: 0}
  m_PrefabAsset: {fileID: 0}
  m_GameObject: {fileID: 6528373871576842448}
  m_Material: {fileID: 0}
  m_IsTrigger: 0
  m_Enabled: 1
  serializedVersion: 3
  m_Convex: 0
  m_CookingOptions: 14
  m_Mesh: {fileID: 4300000, guid: 2aedf77382985cf40b37ebd1eebb02a6, type: 3}
