%YAML 1.1
%TAG !u! tag:unity3d.com,2011:
--- !u!1 &5236504096301208658
GameObject:
  m_ObjectHideFlags: 0
  m_CorrespondingSourceObject: {fileID: 0}
  m_PrefabInstance: {fileID: 0}
  m_PrefabAsset: {fileID: 0}
  serializedVersion: 6
  m_Component:
  - component: {fileID: 5236504096301208657}
  m_Layer: 0
  m_Name: Back to menu
  m_TagString: Untagged
  m_Icon: {fileID: 0}
  m_NavMeshLayer: 0
  m_StaticEditorFlags: 0
  m_IsActive: 1
--- !u!4 &5236504096301208657
Transform:
  m_ObjectHideFlags: 0
  m_CorrespondingSourceObject: {fileID: 0}
  m_PrefabInstance: {fileID: 0}
  m_PrefabAsset: {fileID: 0}
  m_GameObject: {fileID: 5236504096301208658}
  m_LocalRotation: {x: -0, y: -0, z: -0, w: 1}
  m_LocalPosition: {x: 0, y: 0, z: 0}
  m_LocalScale: {x: 1, y: 1, z: 1}
  m_Children:
  - {fileID: 8662751198474094706}
  - {fileID: 4751063143331571042}
  m_Father: {fileID: 5236504096310213683}
  m_RootOrder: 2
  m_LocalEulerAnglesHint: {x: 0, y: 0, z: 0}
--- !u!1 &5236504096310213687
GameObject:
  m_ObjectHideFlags: 0
  m_CorrespondingSourceObject: {fileID: 0}
  m_PrefabInstance: {fileID: 0}
  m_PrefabAsset: {fileID: 0}
  serializedVersion: 6
  m_Component:
  - component: {fileID: 5236504096310213683}
  - component: {fileID: 5236504096310213684}
  - component: {fileID: 5236504096310213685}
  - component: {fileID: 5236504096310213686}
  - component: {fileID: 5236504096310213682}
  - component: {fileID: 114521866748111982}
  m_Layer: 5
  m_Name: EndGameScreen
  m_TagString: Untagged
  m_Icon: {fileID: 0}
  m_NavMeshLayer: 0
  m_StaticEditorFlags: 0
  m_IsActive: 1
--- !u!224 &5236504096310213683
RectTransform:
  m_ObjectHideFlags: 0
  m_CorrespondingSourceObject: {fileID: 0}
  m_PrefabInstance: {fileID: 0}
  m_PrefabAsset: {fileID: 0}
  m_GameObject: {fileID: 5236504096310213687}
  m_LocalRotation: {x: 0, y: 0, z: 0, w: 1}
  m_LocalPosition: {x: 0, y: 0, z: 0}
  m_LocalScale: {x: 0, y: 0, z: 0}
  m_Children:
  - {fileID: 1383402510520255071}
  - {fileID: 4751063144430663903}
  - {fileID: 5236504096301208657}
  - {fileID: 4751063142780866477}
  m_Father: {fileID: 0}
  m_RootOrder: 0
  m_LocalEulerAnglesHint: {x: 0, y: 0, z: 0}
  m_AnchorMin: {x: 0, y: 0}
  m_AnchorMax: {x: 0, y: 0}
  m_AnchoredPosition: {x: 0, y: 0}
  m_SizeDelta: {x: 0, y: 0}
  m_Pivot: {x: 0, y: 0}
--- !u!223 &5236504096310213684
Canvas:
  m_ObjectHideFlags: 0
  m_CorrespondingSourceObject: {fileID: 0}
  m_PrefabInstance: {fileID: 0}
  m_PrefabAsset: {fileID: 0}
  m_GameObject: {fileID: 5236504096310213687}
  m_Enabled: 1
  serializedVersion: 3
  m_RenderMode: 0
  m_Camera: {fileID: 0}
  m_PlaneDistance: 100
  m_PixelPerfect: 0
  m_ReceivesEvents: 1
  m_OverrideSorting: 0
  m_OverridePixelPerfect: 0
  m_SortingBucketNormalizedSize: 0
  m_AdditionalShaderChannelsFlag: 0
  m_SortingLayerID: 0
  m_SortingOrder: 0
  m_TargetDisplay: 0
--- !u!114 &5236504096310213685
MonoBehaviour:
  m_ObjectHideFlags: 0
  m_CorrespondingSourceObject: {fileID: 0}
  m_PrefabInstance: {fileID: 0}
  m_PrefabAsset: {fileID: 0}
  m_GameObject: {fileID: 5236504096310213687}
  m_Enabled: 1
  m_EditorHideFlags: 0
  m_Script: {fileID: 1980459831, guid: f70555f144d8491a825f0804e09c671c, type: 3}
  m_Name: 
  m_EditorClassIdentifier: 
  m_UiScaleMode: 0
  m_ReferencePixelsPerUnit: 100
  m_ScaleFactor: 1
  m_ReferenceResolution: {x: 800, y: 600}
  m_ScreenMatchMode: 0
  m_MatchWidthOrHeight: 0
  m_PhysicalUnit: 3
  m_FallbackScreenDPI: 96
  m_DefaultSpriteDPI: 96
  m_DynamicPixelsPerUnit: 1
--- !u!114 &5236504096310213686
MonoBehaviour:
  m_ObjectHideFlags: 0
  m_CorrespondingSourceObject: {fileID: 0}
  m_PrefabInstance: {fileID: 0}
  m_PrefabAsset: {fileID: 0}
  m_GameObject: {fileID: 5236504096310213687}
  m_Enabled: 1
  m_EditorHideFlags: 0
  m_Script: {fileID: 1301386320, guid: f70555f144d8491a825f0804e09c671c, type: 3}
  m_Name: 
  m_EditorClassIdentifier: 
  m_IgnoreReversedGraphics: 1
  m_BlockingObjects: 0
  m_BlockingMask:
    serializedVersion: 2
    m_Bits: 4294967295
--- !u!114 &5236504096310213682
MonoBehaviour:
  m_ObjectHideFlags: 0
  m_CorrespondingSourceObject: {fileID: 0}
  m_PrefabInstance: {fileID: 0}
  m_PrefabAsset: {fileID: 0}
  m_GameObject: {fileID: 5236504096310213687}
  m_Enabled: 1
  m_EditorHideFlags: 0
  m_Script: {fileID: 11500000, guid: bb3d629983e5741c8b8501eb4e7fad76, type: 3}
  m_Name: 
  m_EditorClassIdentifier: 
--- !u!114 &114521866748111982
MonoBehaviour:
  m_ObjectHideFlags: 0
  m_CorrespondingSourceObject: {fileID: 0}
  m_PrefabInstance: {fileID: 0}
  m_PrefabAsset: {fileID: 0}
  m_GameObject: {fileID: 5236504096310213687}
  m_Enabled: 1
  m_EditorHideFlags: 0
  m_Script: {fileID: 11500000, guid: 83b87d5145d2449dba5d6b4d549ccf98, type: 3}
  m_Name: 
  m_EditorClassIdentifier: 
  scoreText: {fileID: 4751063142780866478}
  title: {fileID: 4751063144430663900}
--- !u!1001 &5236504095430139844
PrefabInstance:
  m_ObjectHideFlags: 0
  serializedVersion: 2
  m_Modification:
    m_TransformParent: {fileID: 5236504096301208657}
    m_Modifications:
    - target: {fileID: 667912059560098471, guid: d63895cc85aaf48879d50adfaff75f60,
        type: 3}
      propertyPath: m_Name
      value: Menu
      objectReference: {fileID: 0}
    - target: {fileID: 667912059560098470, guid: d63895cc85aaf48879d50adfaff75f60,
        type: 3}
      propertyPath: m_LocalPosition.x
      value: 0
      objectReference: {fileID: 0}
    - target: {fileID: 667912059560098470, guid: d63895cc85aaf48879d50adfaff75f60,
        type: 3}
      propertyPath: m_LocalPosition.y
      value: 0
      objectReference: {fileID: 0}
    - target: {fileID: 667912059560098470, guid: d63895cc85aaf48879d50adfaff75f60,
        type: 3}
      propertyPath: m_LocalPosition.z
      value: 0
      objectReference: {fileID: 0}
    - target: {fileID: 667912059560098470, guid: d63895cc85aaf48879d50adfaff75f60,
        type: 3}
      propertyPath: m_LocalRotation.x
      value: -0
      objectReference: {fileID: 0}
    - target: {fileID: 667912059560098470, guid: d63895cc85aaf48879d50adfaff75f60,
        type: 3}
      propertyPath: m_LocalRotation.y
      value: -0
      objectReference: {fileID: 0}
    - target: {fileID: 667912059560098470, guid: d63895cc85aaf48879d50adfaff75f60,
        type: 3}
      propertyPath: m_LocalRotation.z
      value: -0
      objectReference: {fileID: 0}
    - target: {fileID: 667912059560098470, guid: d63895cc85aaf48879d50adfaff75f60,
        type: 3}
      propertyPath: m_LocalRotation.w
      value: 1
      objectReference: {fileID: 0}
    - target: {fileID: 667912059560098470, guid: d63895cc85aaf48879d50adfaff75f60,
        type: 3}
      propertyPath: m_RootOrder
      value: 1
      objectReference: {fileID: 0}
    - target: {fileID: 667912059560098470, guid: d63895cc85aaf48879d50adfaff75f60,
        type: 3}
      propertyPath: m_LocalEulerAnglesHint.x
      value: 0
      objectReference: {fileID: 0}
    - target: {fileID: 667912059560098470, guid: d63895cc85aaf48879d50adfaff75f60,
        type: 3}
      propertyPath: m_LocalEulerAnglesHint.y
      value: 0
      objectReference: {fileID: 0}
    - target: {fileID: 667912059560098470, guid: d63895cc85aaf48879d50adfaff75f60,
        type: 3}
      propertyPath: m_LocalEulerAnglesHint.z
      value: 0
      objectReference: {fileID: 0}
    - target: {fileID: 667912059560098470, guid: d63895cc85aaf48879d50adfaff75f60,
        type: 3}
      propertyPath: m_AnchoredPosition.x
      value: 150
      objectReference: {fileID: 0}
    - target: {fileID: 667912059560098470, guid: d63895cc85aaf48879d50adfaff75f60,
        type: 3}
      propertyPath: m_AnchoredPosition.y
      value: -200
      objectReference: {fileID: 0}
    - target: {fileID: 667912059560098470, guid: d63895cc85aaf48879d50adfaff75f60,
        type: 3}
      propertyPath: m_SizeDelta.x
      value: 506.1
      objectReference: {fileID: 0}
    - target: {fileID: 667912059560098470, guid: d63895cc85aaf48879d50adfaff75f60,
        type: 3}
      propertyPath: m_SizeDelta.y
      value: 94.2
      objectReference: {fileID: 0}
    - target: {fileID: 667912059560098470, guid: d63895cc85aaf48879d50adfaff75f60,
        type: 3}
      propertyPath: m_AnchorMin.x
      value: 0.5
      objectReference: {fileID: 0}
    - target: {fileID: 667912059560098470, guid: d63895cc85aaf48879d50adfaff75f60,
        type: 3}
      propertyPath: m_AnchorMin.y
      value: 0.5
      objectReference: {fileID: 0}
    - target: {fileID: 667912059560098470, guid: d63895cc85aaf48879d50adfaff75f60,
        type: 3}
      propertyPath: m_AnchorMax.x
      value: 0.5
      objectReference: {fileID: 0}
    - target: {fileID: 667912059560098470, guid: d63895cc85aaf48879d50adfaff75f60,
        type: 3}
      propertyPath: m_AnchorMax.y
      value: 0.5
      objectReference: {fileID: 0}
    - target: {fileID: 667912059560098470, guid: d63895cc85aaf48879d50adfaff75f60,
        type: 3}
      propertyPath: m_Pivot.x
      value: 0.5
      objectReference: {fileID: 0}
    - target: {fileID: 667912059560098470, guid: d63895cc85aaf48879d50adfaff75f60,
        type: 3}
      propertyPath: m_Pivot.y
      value: 0.5
      objectReference: {fileID: 0}
    - target: {fileID: 667912059560098469, guid: d63895cc85aaf48879d50adfaff75f60,
        type: 3}
      propertyPath: m_Text
      value: Back to menu
      objectReference: {fileID: 0}
    - target: {fileID: 667912059560098469, guid: d63895cc85aaf48879d50adfaff75f60,
        type: 3}
      propertyPath: m_FontData.m_Alignment
      value: 3
      objectReference: {fileID: 0}
    - target: {fileID: 667912059560098469, guid: d63895cc85aaf48879d50adfaff75f60,
        type: 3}
      propertyPath: m_FontData.m_FontSize
      value: 60
      objectReference: {fileID: 0}
    - target: {fileID: 667912059560098469, guid: d63895cc85aaf48879d50adfaff75f60,
        type: 3}
      propertyPath: m_FontData.m_MinSize
      value: 6
      objectReference: {fileID: 0}
    m_RemovedComponents: []
  m_SourcePrefab: {fileID: 100100000, guid: d63895cc85aaf48879d50adfaff75f60, type: 3}
--- !u!224 &4751063143331571042 stripped
RectTransform:
  m_CorrespondingSourceObject: {fileID: 667912059560098470, guid: d63895cc85aaf48879d50adfaff75f60,
    type: 3}
  m_PrefabInstance: {fileID: 5236504095430139844}
  m_PrefabAsset: {fileID: 0}
--- !u!1001 &5236504095952015032
PrefabInstance:
  m_ObjectHideFlags: 0
  serializedVersion: 2
  m_Modification:
    m_TransformParent: {fileID: 5236504096301208657}
    m_Modifications:
    - target: {fileID: 3500294074948798155, guid: c0f571391af96402ca2d5765a00e8603,
        type: 3}
      propertyPath: m_Name
      value: Button_menu
      objectReference: {fileID: 0}
    - target: {fileID: 3500294074948798154, guid: c0f571391af96402ca2d5765a00e8603,
        type: 3}
      propertyPath: m_LocalPosition.x
      value: 0
      objectReference: {fileID: 0}
    - target: {fileID: 3500294074948798154, guid: c0f571391af96402ca2d5765a00e8603,
        type: 3}
      propertyPath: m_LocalPosition.y
      value: 0
      objectReference: {fileID: 0}
    - target: {fileID: 3500294074948798154, guid: c0f571391af96402ca2d5765a00e8603,
        type: 3}
      propertyPath: m_LocalPosition.z
      value: 0
      objectReference: {fileID: 0}
    - target: {fileID: 3500294074948798154, guid: c0f571391af96402ca2d5765a00e8603,
        type: 3}
      propertyPath: m_LocalRotation.x
      value: -0
      objectReference: {fileID: 0}
    - target: {fileID: 3500294074948798154, guid: c0f571391af96402ca2d5765a00e8603,
        type: 3}
      propertyPath: m_LocalRotation.y
      value: -0
      objectReference: {fileID: 0}
    - target: {fileID: 3500294074948798154, guid: c0f571391af96402ca2d5765a00e8603,
        type: 3}
      propertyPath: m_LocalRotation.z
      value: -0
      objectReference: {fileID: 0}
    - target: {fileID: 3500294074948798154, guid: c0f571391af96402ca2d5765a00e8603,
        type: 3}
      propertyPath: m_LocalRotation.w
      value: 1
      objectReference: {fileID: 0}
    - target: {fileID: 3500294074948798154, guid: c0f571391af96402ca2d5765a00e8603,
        type: 3}
      propertyPath: m_RootOrder
      value: 0
      objectReference: {fileID: 0}
    - target: {fileID: 3500294074948798154, guid: c0f571391af96402ca2d5765a00e8603,
        type: 3}
      propertyPath: m_LocalEulerAnglesHint.x
      value: 0
      objectReference: {fileID: 0}
    - target: {fileID: 3500294074948798154, guid: c0f571391af96402ca2d5765a00e8603,
        type: 3}
      propertyPath: m_LocalEulerAnglesHint.y
      value: 0
      objectReference: {fileID: 0}
    - target: {fileID: 3500294074948798154, guid: c0f571391af96402ca2d5765a00e8603,
        type: 3}
      propertyPath: m_LocalEulerAnglesHint.z
      value: 0
      objectReference: {fileID: 0}
    - target: {fileID: 3500294074948798154, guid: c0f571391af96402ca2d5765a00e8603,
        type: 3}
      propertyPath: m_AnchoredPosition.x
      value: -200
      objectReference: {fileID: 0}
    - target: {fileID: 3500294074948798154, guid: c0f571391af96402ca2d5765a00e8603,
        type: 3}
      propertyPath: m_AnchoredPosition.y
      value: -200
      objectReference: {fileID: 0}
    - target: {fileID: 3500294074948798154, guid: c0f571391af96402ca2d5765a00e8603,
        type: 3}
      propertyPath: m_SizeDelta.x
      value: 130
      objectReference: {fileID: 0}
    - target: {fileID: 3500294074948798154, guid: c0f571391af96402ca2d5765a00e8603,
        type: 3}
      propertyPath: m_SizeDelta.y
      value: 140
      objectReference: {fileID: 0}
    - target: {fileID: 3500294074948798154, guid: c0f571391af96402ca2d5765a00e8603,
        type: 3}
      propertyPath: m_AnchorMin.x
      value: 0.5
      objectReference: {fileID: 0}
    - target: {fileID: 3500294074948798154, guid: c0f571391af96402ca2d5765a00e8603,
        type: 3}
      propertyPath: m_AnchorMin.y
      value: 0.5
      objectReference: {fileID: 0}
    - target: {fileID: 3500294074948798154, guid: c0f571391af96402ca2d5765a00e8603,
        type: 3}
      propertyPath: m_AnchorMax.x
      value: 0.5
      objectReference: {fileID: 0}
    - target: {fileID: 3500294074948798154, guid: c0f571391af96402ca2d5765a00e8603,
        type: 3}
      propertyPath: m_AnchorMax.y
      value: 0.5
      objectReference: {fileID: 0}
    - target: {fileID: 3500294074948798154, guid: c0f571391af96402ca2d5765a00e8603,
        type: 3}
      propertyPath: m_Pivot.x
      value: 0.5
      objectReference: {fileID: 0}
    - target: {fileID: 3500294074948798154, guid: c0f571391af96402ca2d5765a00e8603,
        type: 3}
      propertyPath: m_Pivot.y
      value: 0.5
      objectReference: {fileID: 0}
    - target: {fileID: 3500294074948798153, guid: c0f571391af96402ca2d5765a00e8603,
        type: 3}
      propertyPath: m_OnClick.m_PersistentCalls.m_Calls.Array.size
      value: 1
      objectReference: {fileID: 0}
    - target: {fileID: 3500294074948798153, guid: c0f571391af96402ca2d5765a00e8603,
        type: 3}
      propertyPath: m_OnClick.m_PersistentCalls.m_Calls.Array.data[0].m_Mode
      value: 5
      objectReference: {fileID: 0}
    - target: {fileID: 3500294074948798153, guid: c0f571391af96402ca2d5765a00e8603,
        type: 3}
      propertyPath: m_OnClick.m_PersistentCalls.m_Calls.Array.data[0].m_CallState
      value: 2
      objectReference: {fileID: 0}
    - target: {fileID: 3500294074948798153, guid: c0f571391af96402ca2d5765a00e8603,
        type: 3}
      propertyPath: m_OnClick.m_PersistentCalls.m_Calls.Array.data[0].m_Target
      value: 
      objectReference: {fileID: 5236504096310213682}
    - target: {fileID: 3500294074948798153, guid: c0f571391af96402ca2d5765a00e8603,
        type: 3}
      propertyPath: m_OnClick.m_PersistentCalls.m_Calls.Array.data[0].m_MethodName
      value: LoadScene
      objectReference: {fileID: 0}
    - target: {fileID: 3500294074948798153, guid: c0f571391af96402ca2d5765a00e8603,
        type: 3}
      propertyPath: m_OnClick.m_PersistentCalls.m_Calls.Array.data[0].m_Arguments.m_ObjectArgumentAssemblyTypeName
      value: UnityEngine.Object, UnityEngine
      objectReference: {fileID: 0}
    - target: {fileID: 3500294074948798153, guid: c0f571391af96402ca2d5765a00e8603,
        type: 3}
      propertyPath: m_OnClick.m_PersistentCalls.m_Calls.Array.data[0].m_Arguments.m_StringArgument
      value: Level selection
      objectReference: {fileID: 0}
    m_RemovedComponents: []
  m_SourcePrefab: {fileID: 100100000, guid: c0f571391af96402ca2d5765a00e8603, type: 3}
--- !u!224 &8662751198474094706 stripped
RectTransform:
  m_CorrespondingSourceObject: {fileID: 3500294074948798154, guid: c0f571391af96402ca2d5765a00e8603,
    type: 3}
  m_PrefabInstance: {fileID: 5236504095952015032}
  m_PrefabAsset: {fileID: 0}
--- !u!1001 &5236504095977698571
PrefabInstance:
  m_ObjectHideFlags: 0
  serializedVersion: 2
  m_Modification:
    m_TransformParent: {fileID: 5236504096310213683}
    m_Modifications:
    - target: {fileID: 667912059560098471, guid: d63895cc85aaf48879d50adfaff75f60,
        type: 3}
      propertyPath: m_Name
      value: Score
      objectReference: {fileID: 0}
    - target: {fileID: 667912059560098470, guid: d63895cc85aaf48879d50adfaff75f60,
        type: 3}
      propertyPath: m_LocalPosition.x
      value: 0
      objectReference: {fileID: 0}
    - target: {fileID: 667912059560098470, guid: d63895cc85aaf48879d50adfaff75f60,
        type: 3}
      propertyPath: m_LocalPosition.y
      value: 0
      objectReference: {fileID: 0}
    - target: {fileID: 667912059560098470, guid: d63895cc85aaf48879d50adfaff75f60,
        type: 3}
      propertyPath: m_LocalPosition.z
      value: 0
      objectReference: {fileID: 0}
    - target: {fileID: 667912059560098470, guid: d63895cc85aaf48879d50adfaff75f60,
        type: 3}
      propertyPath: m_LocalRotation.x
      value: -0
      objectReference: {fileID: 0}
    - target: {fileID: 667912059560098470, guid: d63895cc85aaf48879d50adfaff75f60,
        type: 3}
      propertyPath: m_LocalRotation.y
      value: -0
      objectReference: {fileID: 0}
    - target: {fileID: 667912059560098470, guid: d63895cc85aaf48879d50adfaff75f60,
        type: 3}
      propertyPath: m_LocalRotation.z
      value: -0
      objectReference: {fileID: 0}
    - target: {fileID: 667912059560098470, guid: d63895cc85aaf48879d50adfaff75f60,
        type: 3}
      propertyPath: m_LocalRotation.w
      value: 1
      objectReference: {fileID: 0}
    - target: {fileID: 667912059560098470, guid: d63895cc85aaf48879d50adfaff75f60,
        type: 3}
      propertyPath: m_RootOrder
      value: 3
      objectReference: {fileID: 0}
    - target: {fileID: 667912059560098470, guid: d63895cc85aaf48879d50adfaff75f60,
        type: 3}
      propertyPath: m_LocalEulerAnglesHint.x
      value: 0
      objectReference: {fileID: 0}
    - target: {fileID: 667912059560098470, guid: d63895cc85aaf48879d50adfaff75f60,
        type: 3}
      propertyPath: m_LocalEulerAnglesHint.y
      value: 0
      objectReference: {fileID: 0}
    - target: {fileID: 667912059560098470, guid: d63895cc85aaf48879d50adfaff75f60,
        type: 3}
      propertyPath: m_LocalEulerAnglesHint.z
      value: 0
      objectReference: {fileID: 0}
    - target: {fileID: 667912059560098470, guid: d63895cc85aaf48879d50adfaff75f60,
        type: 3}
      propertyPath: m_AnchoredPosition.x
      value: 0
      objectReference: {fileID: 0}
    - target: {fileID: 667912059560098470, guid: d63895cc85aaf48879d50adfaff75f60,
        type: 3}
      propertyPath: m_AnchoredPosition.y
      value: 0
      objectReference: {fileID: 0}
    - target: {fileID: 667912059560098470, guid: d63895cc85aaf48879d50adfaff75f60,
        type: 3}
      propertyPath: m_SizeDelta.x
      value: 1000
      objectReference: {fileID: 0}
    - target: {fileID: 667912059560098470, guid: d63895cc85aaf48879d50adfaff75f60,
        type: 3}
      propertyPath: m_SizeDelta.y
      value: 94.2
      objectReference: {fileID: 0}
    - target: {fileID: 667912059560098470, guid: d63895cc85aaf48879d50adfaff75f60,
        type: 3}
      propertyPath: m_AnchorMin.x
      value: 0.5
      objectReference: {fileID: 0}
    - target: {fileID: 667912059560098470, guid: d63895cc85aaf48879d50adfaff75f60,
        type: 3}
      propertyPath: m_AnchorMin.y
      value: 0.5
      objectReference: {fileID: 0}
    - target: {fileID: 667912059560098470, guid: d63895cc85aaf48879d50adfaff75f60,
        type: 3}
      propertyPath: m_AnchorMax.x
      value: 0.5
      objectReference: {fileID: 0}
    - target: {fileID: 667912059560098470, guid: d63895cc85aaf48879d50adfaff75f60,
        type: 3}
      propertyPath: m_AnchorMax.y
      value: 0.5
      objectReference: {fileID: 0}
    - target: {fileID: 667912059560098470, guid: d63895cc85aaf48879d50adfaff75f60,
        type: 3}
      propertyPath: m_Pivot.x
      value: 0.5
      objectReference: {fileID: 0}
    - target: {fileID: 667912059560098470, guid: d63895cc85aaf48879d50adfaff75f60,
        type: 3}
      propertyPath: m_Pivot.y
      value: 0.5
      objectReference: {fileID: 0}
    - target: {fileID: 667912059560098469, guid: d63895cc85aaf48879d50adfaff75f60,
        type: 3}
      propertyPath: m_Text
      value: 'Your score: 0'
      objectReference: {fileID: 0}
    - target: {fileID: 667912059560098469, guid: d63895cc85aaf48879d50adfaff75f60,
        type: 3}
      propertyPath: m_FontData.m_HorizontalOverflow
      value: 0
      objectReference: {fileID: 0}
    - target: {fileID: 667912059560098469, guid: d63895cc85aaf48879d50adfaff75f60,
        type: 3}
      propertyPath: m_FontData.m_FontSize
      value: 110
      objectReference: {fileID: 0}
    - target: {fileID: 667912059560098469, guid: d63895cc85aaf48879d50adfaff75f60,
        type: 3}
      propertyPath: m_FontData.m_MinSize
      value: 1
      objectReference: {fileID: 0}
    - target: {fileID: 667912059560098469, guid: d63895cc85aaf48879d50adfaff75f60,
        type: 3}
      propertyPath: m_FontData.m_MaxSize
      value: 120
      objectReference: {fileID: 0}
    - target: {fileID: 667912059560098469, guid: d63895cc85aaf48879d50adfaff75f60,
        type: 3}
      propertyPath: m_FontData.m_Font
      value: 
      objectReference: {fileID: 12800000, guid: d1fe0bc1ac9782f4c8f875e1a7cea6d7,
        type: 3}
    m_RemovedComponents: []
  m_SourcePrefab: {fileID: 100100000, guid: d63895cc85aaf48879d50adfaff75f60, type: 3}
--- !u!224 &4751063142780866477 stripped
RectTransform:
  m_CorrespondingSourceObject: {fileID: 667912059560098470, guid: d63895cc85aaf48879d50adfaff75f60,
    type: 3}
  m_PrefabInstance: {fileID: 5236504095977698571}
  m_PrefabAsset: {fileID: 0}
--- !u!114 &4751063142780866478 stripped
MonoBehaviour:
  m_CorrespondingSourceObject: {fileID: 667912059560098469, guid: d63895cc85aaf48879d50adfaff75f60,
    type: 3}
  m_PrefabInstance: {fileID: 5236504095977698571}
  m_PrefabAsset: {fileID: 0}
  m_GameObject: {fileID: 0}
  m_Enabled: 1
  m_EditorHideFlags: 0
  m_Script: {fileID: 708705254, guid: f70555f144d8491a825f0804e09c671c, type: 3}
  m_Name: 
  m_EditorClassIdentifier: 
--- !u!1001 &5236504096380840309
PrefabInstance:
  m_ObjectHideFlags: 0
  serializedVersion: 2
  m_Modification:
    m_TransformParent: {fileID: 5236504096310213683}
    m_Modifications:
    - target: {fileID: 6600335297758227243, guid: 329fa58be8d1d4071957d6140b982ff7,
        type: 3}
      propertyPath: m_Name
      value: Background
      objectReference: {fileID: 0}
    - target: {fileID: 6600335297758227242, guid: 329fa58be8d1d4071957d6140b982ff7,
        type: 3}
      propertyPath: m_LocalPosition.x
      value: 0
      objectReference: {fileID: 0}
    - target: {fileID: 6600335297758227242, guid: 329fa58be8d1d4071957d6140b982ff7,
        type: 3}
      propertyPath: m_LocalPosition.y
      value: 0
      objectReference: {fileID: 0}
    - target: {fileID: 6600335297758227242, guid: 329fa58be8d1d4071957d6140b982ff7,
        type: 3}
      propertyPath: m_LocalPosition.z
      value: 0
      objectReference: {fileID: 0}
    - target: {fileID: 6600335297758227242, guid: 329fa58be8d1d4071957d6140b982ff7,
        type: 3}
      propertyPath: m_LocalRotation.x
      value: -0
      objectReference: {fileID: 0}
    - target: {fileID: 6600335297758227242, guid: 329fa58be8d1d4071957d6140b982ff7,
        type: 3}
      propertyPath: m_LocalRotation.y
      value: -0
      objectReference: {fileID: 0}
    - target: {fileID: 6600335297758227242, guid: 329fa58be8d1d4071957d6140b982ff7,
        type: 3}
      propertyPath: m_LocalRotation.z
      value: -0
      objectReference: {fileID: 0}
    - target: {fileID: 6600335297758227242, guid: 329fa58be8d1d4071957d6140b982ff7,
        type: 3}
      propertyPath: m_LocalRotation.w
      value: 1
      objectReference: {fileID: 0}
    - target: {fileID: 6600335297758227242, guid: 329fa58be8d1d4071957d6140b982ff7,
        type: 3}
      propertyPath: m_RootOrder
      value: 0
      objectReference: {fileID: 0}
    - target: {fileID: 6600335297758227242, guid: 329fa58be8d1d4071957d6140b982ff7,
        type: 3}
      propertyPath: m_LocalEulerAnglesHint.x
      value: 0
      objectReference: {fileID: 0}
    - target: {fileID: 6600335297758227242, guid: 329fa58be8d1d4071957d6140b982ff7,
        type: 3}
      propertyPath: m_LocalEulerAnglesHint.y
      value: 0
      objectReference: {fileID: 0}
    - target: {fileID: 6600335297758227242, guid: 329fa58be8d1d4071957d6140b982ff7,
        type: 3}
      propertyPath: m_LocalEulerAnglesHint.z
      value: 0
      objectReference: {fileID: 0}
    - target: {fileID: 6600335297758227242, guid: 329fa58be8d1d4071957d6140b982ff7,
        type: 3}
      propertyPath: m_AnchoredPosition.x
      value: 0
      objectReference: {fileID: 0}
    - target: {fileID: 6600335297758227242, guid: 329fa58be8d1d4071957d6140b982ff7,
        type: 3}
      propertyPath: m_AnchoredPosition.y
      value: 0
      objectReference: {fileID: 0}
    - target: {fileID: 6600335297758227242, guid: 329fa58be8d1d4071957d6140b982ff7,
        type: 3}
      propertyPath: m_SizeDelta.x
      value: 1028.2
      objectReference: {fileID: 0}
    - target: {fileID: 6600335297758227242, guid: 329fa58be8d1d4071957d6140b982ff7,
        type: 3}
      propertyPath: m_SizeDelta.y
      value: 808.19995
      objectReference: {fileID: 0}
    - target: {fileID: 6600335297758227242, guid: 329fa58be8d1d4071957d6140b982ff7,
        type: 3}
      propertyPath: m_AnchorMin.x
      value: 0.5
      objectReference: {fileID: 0}
    - target: {fileID: 6600335297758227242, guid: 329fa58be8d1d4071957d6140b982ff7,
        type: 3}
      propertyPath: m_AnchorMin.y
      value: 0.5
      objectReference: {fileID: 0}
    - target: {fileID: 6600335297758227242, guid: 329fa58be8d1d4071957d6140b982ff7,
        type: 3}
      propertyPath: m_AnchorMax.x
      value: 0.5
      objectReference: {fileID: 0}
    - target: {fileID: 6600335297758227242, guid: 329fa58be8d1d4071957d6140b982ff7,
        type: 3}
      propertyPath: m_AnchorMax.y
      value: 0.5
      objectReference: {fileID: 0}
    - target: {fileID: 6600335297758227242, guid: 329fa58be8d1d4071957d6140b982ff7,
        type: 3}
      propertyPath: m_Pivot.x
      value: 0.5
      objectReference: {fileID: 0}
    - target: {fileID: 6600335297758227242, guid: 329fa58be8d1d4071957d6140b982ff7,
        type: 3}
      propertyPath: m_Pivot.y
      value: 0.5
      objectReference: {fileID: 0}
    m_RemovedComponents: []
  m_SourcePrefab: {fileID: 100100000, guid: 329fa58be8d1d4071957d6140b982ff7, type: 3}
--- !u!224 &1383402510520255071 stripped
RectTransform:
  m_CorrespondingSourceObject: {fileID: 6600335297758227242, guid: 329fa58be8d1d4071957d6140b982ff7,
    type: 3}
  m_PrefabInstance: {fileID: 5236504096380840309}
  m_PrefabAsset: {fileID: 0}
--- !u!1001 &5236504096595903097
PrefabInstance:
  m_ObjectHideFlags: 0
  serializedVersion: 2
  m_Modification:
    m_TransformParent: {fileID: 5236504096310213683}
    m_Modifications:
    - target: {fileID: 667912059560098471, guid: d63895cc85aaf48879d50adfaff75f60,
        type: 3}
      propertyPath: m_Name
      value: Title
      objectReference: {fileID: 0}
    - target: {fileID: 667912059560098470, guid: d63895cc85aaf48879d50adfaff75f60,
        type: 3}
      propertyPath: m_LocalPosition.x
      value: 0
      objectReference: {fileID: 0}
    - target: {fileID: 667912059560098470, guid: d63895cc85aaf48879d50adfaff75f60,
        type: 3}
      propertyPath: m_LocalPosition.y
      value: 0
      objectReference: {fileID: 0}
    - target: {fileID: 667912059560098470, guid: d63895cc85aaf48879d50adfaff75f60,
        type: 3}
      propertyPath: m_LocalPosition.z
      value: 0
      objectReference: {fileID: 0}
    - target: {fileID: 667912059560098470, guid: d63895cc85aaf48879d50adfaff75f60,
        type: 3}
      propertyPath: m_LocalRotation.x
      value: -0
      objectReference: {fileID: 0}
    - target: {fileID: 667912059560098470, guid: d63895cc85aaf48879d50adfaff75f60,
        type: 3}
      propertyPath: m_LocalRotation.y
      value: -0
      objectReference: {fileID: 0}
    - target: {fileID: 667912059560098470, guid: d63895cc85aaf48879d50adfaff75f60,
        type: 3}
      propertyPath: m_LocalRotation.z
      value: -0
      objectReference: {fileID: 0}
    - target: {fileID: 667912059560098470, guid: d63895cc85aaf48879d50adfaff75f60,
        type: 3}
      propertyPath: m_LocalRotation.w
      value: 1
      objectReference: {fileID: 0}
    - target: {fileID: 667912059560098470, guid: d63895cc85aaf48879d50adfaff75f60,
        type: 3}
      propertyPath: m_RootOrder
      value: 1
      objectReference: {fileID: 0}
    - target: {fileID: 667912059560098470, guid: d63895cc85aaf48879d50adfaff75f60,
        type: 3}
      propertyPath: m_LocalEulerAnglesHint.x
      value: 0
      objectReference: {fileID: 0}
    - target: {fileID: 667912059560098470, guid: d63895cc85aaf48879d50adfaff75f60,
        type: 3}
      propertyPath: m_LocalEulerAnglesHint.y
      value: 0
      objectReference: {fileID: 0}
    - target: {fileID: 667912059560098470, guid: d63895cc85aaf48879d50adfaff75f60,
        type: 3}
      propertyPath: m_LocalEulerAnglesHint.z
      value: 0
      objectReference: {fileID: 0}
    - target: {fileID: 667912059560098470, guid: d63895cc85aaf48879d50adfaff75f60,
        type: 3}
      propertyPath: m_AnchoredPosition.x
      value: 0
      objectReference: {fileID: 0}
    - target: {fileID: 667912059560098470, guid: d63895cc85aaf48879d50adfaff75f60,
        type: 3}
      propertyPath: m_AnchoredPosition.y
      value: 250
      objectReference: {fileID: 0}
    - target: {fileID: 667912059560098470, guid: d63895cc85aaf48879d50adfaff75f60,
        type: 3}
      propertyPath: m_SizeDelta.x
      value: 800
      objectReference: {fileID: 0}
    - target: {fileID: 667912059560098470, guid: d63895cc85aaf48879d50adfaff75f60,
        type: 3}
      propertyPath: m_SizeDelta.y
      value: 94.2
      objectReference: {fileID: 0}
    - target: {fileID: 667912059560098470, guid: d63895cc85aaf48879d50adfaff75f60,
        type: 3}
      propertyPath: m_AnchorMin.x
      value: 0.5
      objectReference: {fileID: 0}
    - target: {fileID: 667912059560098470, guid: d63895cc85aaf48879d50adfaff75f60,
        type: 3}
      propertyPath: m_AnchorMin.y
      value: 0.5
      objectReference: {fileID: 0}
    - target: {fileID: 667912059560098470, guid: d63895cc85aaf48879d50adfaff75f60,
        type: 3}
      propertyPath: m_AnchorMax.x
      value: 0.5
      objectReference: {fileID: 0}
    - target: {fileID: 667912059560098470, guid: d63895cc85aaf48879d50adfaff75f60,
        type: 3}
      propertyPath: m_AnchorMax.y
      value: 0.5
      objectReference: {fileID: 0}
    - target: {fileID: 667912059560098470, guid: d63895cc85aaf48879d50adfaff75f60,
        type: 3}
      propertyPath: m_Pivot.x
      value: 0.5
      objectReference: {fileID: 0}
    - target: {fileID: 667912059560098470, guid: d63895cc85aaf48879d50adfaff75f60,
        type: 3}
      propertyPath: m_Pivot.y
      value: 0.5
      objectReference: {fileID: 0}
    - target: {fileID: 667912059560098469, guid: d63895cc85aaf48879d50adfaff75f60,
        type: 3}
      propertyPath: m_Text
      value: Well done ! You completed this level !
      objectReference: {fileID: 0}
    - target: {fileID: 667912059560098469, guid: d63895cc85aaf48879d50adfaff75f60,
        type: 3}
      propertyPath: m_FontData.m_HorizontalOverflow
      value: 0
      objectReference: {fileID: 0}
    m_RemovedComponents: []
  m_SourcePrefab: {fileID: 100100000, guid: d63895cc85aaf48879d50adfaff75f60, type: 3}
--- !u!224 &4751063144430663903 stripped
RectTransform:
  m_CorrespondingSourceObject: {fileID: 667912059560098470, guid: d63895cc85aaf48879d50adfaff75f60,
    type: 3}
  m_PrefabInstance: {fileID: 5236504096595903097}
  m_PrefabAsset: {fileID: 0}
--- !u!114 &4751063144430663900 stripped
MonoBehaviour:
  m_CorrespondingSourceObject: {fileID: 667912059560098469, guid: d63895cc85aaf48879d50adfaff75f60,
    type: 3}
  m_PrefabInstance: {fileID: 5236504096595903097}
  m_PrefabAsset: {fileID: 0}
  m_GameObject: {fileID: 0}
  m_Enabled: 1
  m_EditorHideFlags: 0
  m_Script: {fileID: 708705254, guid: f70555f144d8491a825f0804e09c671c, type: 3}
  m_Name: 
  m_EditorClassIdentifier: 
