%YAML 1.1
%TAG !u! tag:unity3d.com,2011:
--- !u!29 &1
OcclusionCullingSettings:
  m_ObjectHideFlags: 0
  serializedVersion: 2
  m_OcclusionBakeSettings:
    smallestOccluder: 5
    smallestHole: 0.25
    backfaceThreshold: 100
  m_SceneGUID: 00000000000000000000000000000000
  m_OcclusionCullingData: {fileID: 0}
--- !u!104 &2
RenderSettings:
  m_ObjectHideFlags: 0
  serializedVersion: 9
  m_Fog: 0
  m_FogColor: {r: 0.5, g: 0.5, b: 0.5, a: 1}
  m_FogMode: 3
  m_FogDensity: 0.01
  m_LinearFogStart: 0
  m_LinearFogEnd: 300
  m_AmbientSkyColor: {r: 0.212, g: 0.227, b: 0.259, a: 1}
  m_AmbientEquatorColor: {r: 0.114, g: 0.125, b: 0.133, a: 1}
  m_AmbientGroundColor: {r: 0.047, g: 0.043, b: 0.035, a: 1}
  m_AmbientIntensity: 1
  m_AmbientMode: 0
  m_SubtractiveShadowColor: {r: 0.42, g: 0.478, b: 0.627, a: 1}
  m_SkyboxMaterial: {fileID: 10304, guid: 0000000000000000f000000000000000, type: 0}
  m_HaloStrength: 0.5
  m_FlareStrength: 1
  m_FlareFadeSpeed: 3
  m_HaloTexture: {fileID: 0}
  m_SpotCookie: {fileID: 10001, guid: 0000000000000000e000000000000000, type: 0}
  m_DefaultReflectionMode: 0
  m_DefaultReflectionResolution: 128
  m_ReflectionBounces: 1
  m_ReflectionIntensity: 1
  m_CustomReflection: {fileID: 0}
  m_Sun: {fileID: 170076734}
  m_IndirectSpecularColor: {r: 0.44657946, g: 0.49641383, b: 0.5748172, a: 1}
  m_UseRadianceAmbientProbe: 0
--- !u!157 &3
LightmapSettings:
  m_ObjectHideFlags: 0
  serializedVersion: 11
  m_GIWorkflowMode: 0
  m_GISettings:
    serializedVersion: 2
    m_BounceScale: 1
    m_IndirectOutputScale: 1
    m_AlbedoBoost: 1
    m_EnvironmentLightingMode: 0
    m_EnableBakedLightmaps: 1
    m_EnableRealtimeLightmaps: 0
  m_LightmapEditorSettings:
    serializedVersion: 10
    m_Resolution: 2
    m_BakeResolution: 10
    m_AtlasSize: 512
    m_AO: 0
    m_AOMaxDistance: 1
    m_CompAOExponent: 1
    m_CompAOExponentDirect: 0
    m_Padding: 2
    m_LightmapParameters: {fileID: 0}
    m_LightmapsBakeMode: 1
    m_TextureCompression: 1
    m_FinalGather: 0
    m_FinalGatherFiltering: 1
    m_FinalGatherRayCount: 256
    m_ReflectionCompression: 2
    m_MixedBakeMode: 2
    m_BakeBackend: 1
    m_PVRSampling: 1
    m_PVRDirectSampleCount: 32
    m_PVRSampleCount: 256
    m_PVRBounces: 2
    m_PVRFilterTypeDirect: 0
    m_PVRFilterTypeIndirect: 0
    m_PVRFilterTypeAO: 0
    m_PVRFilteringMode: 1
    m_PVRCulling: 1
    m_PVRFilteringGaussRadiusDirect: 1
    m_PVRFilteringGaussRadiusIndirect: 5
    m_PVRFilteringGaussRadiusAO: 2
    m_PVRFilteringAtrousPositionSigmaDirect: 0.5
    m_PVRFilteringAtrousPositionSigmaIndirect: 2
    m_PVRFilteringAtrousPositionSigmaAO: 1
    m_ShowResolutionOverlay: 1
  m_LightingDataAsset: {fileID: 0}
  m_UseShadowmask: 1
--- !u!196 &4
NavMeshSettings:
  serializedVersion: 2
  m_ObjectHideFlags: 0
  m_BuildSettings:
    serializedVersion: 2
    agentTypeID: 0
    agentRadius: 0.5
    agentHeight: 2
    agentSlope: 45
    agentClimb: 0.4
    ledgeDropHeight: 0
    maxJumpAcrossDistance: 0
    minRegionArea: 2
    manualCellSize: 0
    cellSize: 0.16666667
    manualTileSize: 0
    tileSize: 256
    accuratePlacement: 0
    debug:
      m_Flags: 0
  m_NavMeshData: {fileID: 0}
--- !u!1001 &2821741
PrefabInstance:
  m_ObjectHideFlags: 0
  serializedVersion: 2
  m_Modification:
    m_TransformParent: {fileID: 1688329004}
    m_Modifications:
    - target: {fileID: 4790980771808611801, guid: 9efc6922ecee8e34eaf0a3b9f6ac96bf,
        type: 3}
      propertyPath: m_Name
      value: Table_Cut
      objectReference: {fileID: 0}
    - target: {fileID: 4790980771808973305, guid: 9efc6922ecee8e34eaf0a3b9f6ac96bf,
        type: 3}
      propertyPath: m_LocalPosition.x
      value: -0.08
      objectReference: {fileID: 0}
    - target: {fileID: 4790980771808973305, guid: 9efc6922ecee8e34eaf0a3b9f6ac96bf,
        type: 3}
      propertyPath: m_LocalPosition.y
      value: 0
      objectReference: {fileID: 0}
    - target: {fileID: 4790980771808973305, guid: 9efc6922ecee8e34eaf0a3b9f6ac96bf,
        type: 3}
      propertyPath: m_LocalPosition.z
      value: 8.9
      objectReference: {fileID: 0}
    - target: {fileID: 4790980771808973305, guid: 9efc6922ecee8e34eaf0a3b9f6ac96bf,
        type: 3}
      propertyPath: m_LocalRotation.x
      value: 0
      objectReference: {fileID: 0}
    - target: {fileID: 4790980771808973305, guid: 9efc6922ecee8e34eaf0a3b9f6ac96bf,
        type: 3}
      propertyPath: m_LocalRotation.y
      value: 0
      objectReference: {fileID: 0}
    - target: {fileID: 4790980771808973305, guid: 9efc6922ecee8e34eaf0a3b9f6ac96bf,
        type: 3}
      propertyPath: m_LocalRotation.z
      value: 0
      objectReference: {fileID: 0}
    - target: {fileID: 4790980771808973305, guid: 9efc6922ecee8e34eaf0a3b9f6ac96bf,
        type: 3}
      propertyPath: m_LocalRotation.w
      value: 1
      objectReference: {fileID: 0}
    - target: {fileID: 4790980771808973305, guid: 9efc6922ecee8e34eaf0a3b9f6ac96bf,
        type: 3}
      propertyPath: m_RootOrder
      value: 4
      objectReference: {fileID: 0}
    - target: {fileID: 4790980771808973305, guid: 9efc6922ecee8e34eaf0a3b9f6ac96bf,
        type: 3}
      propertyPath: m_LocalEulerAnglesHint.x
      value: 0
      objectReference: {fileID: 0}
    - target: {fileID: 4790980771808973305, guid: 9efc6922ecee8e34eaf0a3b9f6ac96bf,
        type: 3}
      propertyPath: m_LocalEulerAnglesHint.y
      value: 0
      objectReference: {fileID: 0}
    - target: {fileID: 4790980771808973305, guid: 9efc6922ecee8e34eaf0a3b9f6ac96bf,
        type: 3}
      propertyPath: m_LocalEulerAnglesHint.z
      value: 0
      objectReference: {fileID: 0}
    - target: {fileID: 1248532607, guid: 9efc6922ecee8e34eaf0a3b9f6ac96bf, type: 3}
      propertyPath: Loop
      value: 1
      objectReference: {fileID: 0}
    m_RemovedComponents: []
  m_SourcePrefab: {fileID: 100100000, guid: 9efc6922ecee8e34eaf0a3b9f6ac96bf, type: 3}
--- !u!1001 &141596460
PrefabInstance:
  m_ObjectHideFlags: 0
  serializedVersion: 2
  m_Modification:
    m_TransformParent: {fileID: 1688329004}
    m_Modifications:
    - target: {fileID: 6528373871576842448, guid: ab78d1c0288bef947a9b85246407f282,
        type: 3}
      propertyPath: m_Name
      value: Table
      objectReference: {fileID: 0}
    - target: {fileID: 6528373871576358128, guid: ab78d1c0288bef947a9b85246407f282,
        type: 3}
      propertyPath: m_LocalPosition.x
      value: -2.99
      objectReference: {fileID: 0}
    - target: {fileID: 6528373871576358128, guid: ab78d1c0288bef947a9b85246407f282,
        type: 3}
      propertyPath: m_LocalPosition.y
      value: 0
      objectReference: {fileID: 0}
    - target: {fileID: 6528373871576358128, guid: ab78d1c0288bef947a9b85246407f282,
        type: 3}
      propertyPath: m_LocalPosition.z
      value: 9.02
      objectReference: {fileID: 0}
    - target: {fileID: 6528373871576358128, guid: ab78d1c0288bef947a9b85246407f282,
        type: 3}
      propertyPath: m_LocalRotation.x
      value: 0
      objectReference: {fileID: 0}
    - target: {fileID: 6528373871576358128, guid: ab78d1c0288bef947a9b85246407f282,
        type: 3}
      propertyPath: m_LocalRotation.y
      value: 0
      objectReference: {fileID: 0}
    - target: {fileID: 6528373871576358128, guid: ab78d1c0288bef947a9b85246407f282,
        type: 3}
      propertyPath: m_LocalRotation.z
      value: 0
      objectReference: {fileID: 0}
    - target: {fileID: 6528373871576358128, guid: ab78d1c0288bef947a9b85246407f282,
        type: 3}
      propertyPath: m_LocalRotation.w
      value: 1
      objectReference: {fileID: 0}
    - target: {fileID: 6528373871576358128, guid: ab78d1c0288bef947a9b85246407f282,
        type: 3}
      propertyPath: m_RootOrder
      value: 2
      objectReference: {fileID: 0}
    - target: {fileID: 6528373871576358128, guid: ab78d1c0288bef947a9b85246407f282,
        type: 3}
      propertyPath: m_LocalEulerAnglesHint.x
      value: 0
      objectReference: {fileID: 0}
    - target: {fileID: 6528373871576358128, guid: ab78d1c0288bef947a9b85246407f282,
        type: 3}
      propertyPath: m_LocalEulerAnglesHint.y
      value: 0
      objectReference: {fileID: 0}
    - target: {fileID: 6528373871576358128, guid: ab78d1c0288bef947a9b85246407f282,
        type: 3}
      propertyPath: m_LocalEulerAnglesHint.z
      value: 0
      objectReference: {fileID: 0}
    - target: {fileID: 6528373871576358128, guid: ab78d1c0288bef947a9b85246407f282,
        type: 3}
      propertyPath: m_LocalScale.y
      value: 1
      objectReference: {fileID: 0}
    - target: {fileID: 6528373871576358128, guid: ab78d1c0288bef947a9b85246407f282,
        type: 3}
      propertyPath: m_LocalScale.z
      value: 1
      objectReference: {fileID: 0}
    - target: {fileID: 114872109012644876, guid: ab78d1c0288bef947a9b85246407f282,
        type: 3}
      propertyPath: putItem
      value: 
      objectReference: {fileID: 0}
    - target: {fileID: 54218155678734348, guid: ab78d1c0288bef947a9b85246407f282,
        type: 3}
      propertyPath: m_IsKinematic
      value: 1
      objectReference: {fileID: 0}
    m_RemovedComponents: []
  m_SourcePrefab: {fileID: 100100000, guid: ab78d1c0288bef947a9b85246407f282, type: 3}
--- !u!4 &141596461 stripped
Transform:
  m_CorrespondingSourceObject: {fileID: 6528373871576358128, guid: ab78d1c0288bef947a9b85246407f282,
    type: 3}
  m_PrefabInstance: {fileID: 141596460}
  m_PrefabAsset: {fileID: 0}
--- !u!1 &170076733
GameObject:
  m_ObjectHideFlags: 0
  m_CorrespondingSourceObject: {fileID: 0}
  m_PrefabInstance: {fileID: 0}
  m_PrefabAsset: {fileID: 0}
  serializedVersion: 6
  m_Component:
  - component: {fileID: 170076735}
  - component: {fileID: 170076734}
  m_Layer: 0
  m_Name: Directional Light
  m_TagString: Untagged
  m_Icon: {fileID: 0}
  m_NavMeshLayer: 0
  m_StaticEditorFlags: 0
  m_IsActive: 1
--- !u!108 &170076734
Light:
  m_ObjectHideFlags: 0
  m_CorrespondingSourceObject: {fileID: 0}
  m_PrefabInstance: {fileID: 0}
  m_PrefabAsset: {fileID: 0}
  m_GameObject: {fileID: 170076733}
  m_Enabled: 1
  serializedVersion: 8
  m_Type: 1
  m_Color: {r: 1, g: 0.95686275, b: 0.8392157, a: 1}
  m_Intensity: 1
  m_Range: 10
  m_SpotAngle: 30
  m_CookieSize: 10
  m_Shadows:
    m_Type: 2
    m_Resolution: -1
    m_CustomResolution: -1
    m_Strength: 1
    m_Bias: 0.05
    m_NormalBias: 0.4
    m_NearPlane: 0.2
  m_Cookie: {fileID: 0}
  m_DrawHalo: 0
  m_Flare: {fileID: 0}
  m_RenderMode: 0
  m_CullingMask:
    serializedVersion: 2
    m_Bits: 4294967295
  m_Lightmapping: 1
  m_LightShadowCasterMode: 0
  m_AreaSize: {x: 1, y: 1}
  m_BounceIntensity: 1
  m_ColorTemperature: 6570
  m_UseColorTemperature: 0
  m_ShadowRadius: 0
  m_ShadowAngle: 0
--- !u!4 &170076735
Transform:
  m_ObjectHideFlags: 0
  m_CorrespondingSourceObject: {fileID: 0}
  m_PrefabInstance: {fileID: 0}
  m_PrefabAsset: {fileID: 0}
  m_GameObject: {fileID: 170076733}
  m_LocalRotation: {x: 0.36599812, y: -0.45315388, z: 0.2113091, w: 0.7848855}
  m_LocalPosition: {x: 0, y: 3, z: 0}
  m_LocalScale: {x: 1, y: 1, z: 1}
  m_Children: []
  m_Father: {fileID: 0}
  m_RootOrder: 0
  m_LocalEulerAnglesHint: {x: 50, y: -60, z: 0}
--- !u!4 &186884620 stripped
Transform:
  m_CorrespondingSourceObject: {fileID: 4790980771808973305, guid: 9efc6922ecee8e34eaf0a3b9f6ac96bf,
    type: 3}
  m_PrefabInstance: {fileID: 2821741}
  m_PrefabAsset: {fileID: 0}
--- !u!4 &214013178 stripped
Transform:
  m_CorrespondingSourceObject: {fileID: 3630350316689635053, guid: 775b7bba6cdf94eb6b2f9b50305eda02,
    type: 3}
  m_PrefabInstance: {fileID: 7564051839432441572}
  m_PrefabAsset: {fileID: 0}
--- !u!1 &216259110
GameObject:
  m_ObjectHideFlags: 0
  m_CorrespondingSourceObject: {fileID: 0}
  m_PrefabInstance: {fileID: 0}
  m_PrefabAsset: {fileID: 0}
  serializedVersion: 6
  m_Component:
  - component: {fileID: 216259111}
  m_Layer: 0
  m_Name: Food
  m_TagString: Untagged
  m_Icon: {fileID: 0}
  m_NavMeshLayer: 0
  m_StaticEditorFlags: 0
  m_IsActive: 1
--- !u!4 &216259111
Transform:
  m_ObjectHideFlags: 0
  m_CorrespondingSourceObject: {fileID: 0}
  m_PrefabInstance: {fileID: 0}
  m_PrefabAsset: {fileID: 0}
  m_GameObject: {fileID: 216259110}
  m_LocalRotation: {x: 0, y: 0, z: 0, w: 1}
  m_LocalPosition: {x: -0.34982896, y: 1.127265, z: 5.2645407}
  m_LocalScale: {x: 1, y: 1, z: 1}
  m_Children: []
  m_Father: {fileID: 0}
  m_RootOrder: 5
  m_LocalEulerAnglesHint: {x: 0, y: 0, z: 0}
--- !u!1 &267121716
GameObject:
  m_ObjectHideFlags: 0
  m_CorrespondingSourceObject: {fileID: 0}
  m_PrefabInstance: {fileID: 0}
  m_PrefabAsset: {fileID: 0}
  serializedVersion: 6
  m_Component:
  - component: {fileID: 267121717}
  m_Layer: 0
  m_Name: Walls
  m_TagString: Untagged
  m_Icon: {fileID: 0}
  m_NavMeshLayer: 0
  m_StaticEditorFlags: 0
  m_IsActive: 1
--- !u!4 &267121717
Transform:
  m_ObjectHideFlags: 0
  m_CorrespondingSourceObject: {fileID: 0}
  m_PrefabInstance: {fileID: 0}
  m_PrefabAsset: {fileID: 0}
  m_GameObject: {fileID: 267121716}
  m_LocalRotation: {x: 0, y: 0, z: 0, w: 1}
  m_LocalPosition: {x: 0, y: 0.5, z: 0}
  m_LocalScale: {x: 1, y: 1, z: 1}
  m_Children:
  - {fileID: 956481642}
  - {fileID: 966354356}
  - {fileID: 582124755}
  - {fileID: 1760231459}
  m_Father: {fileID: 0}
  m_RootOrder: 9
  m_LocalEulerAnglesHint: {x: 0, y: 0, z: 0}
--- !u!1001 &307390245
PrefabInstance:
  m_ObjectHideFlags: 0
  serializedVersion: 2
  m_Modification:
    m_TransformParent: {fileID: 1688329004}
    m_Modifications:
    - target: {fileID: 6528373871576842448, guid: ab78d1c0288bef947a9b85246407f282,
        type: 3}
      propertyPath: m_Name
      value: Table (2)
      objectReference: {fileID: 0}
    - target: {fileID: 6528373871576358128, guid: ab78d1c0288bef947a9b85246407f282,
        type: 3}
      propertyPath: m_LocalPosition.x
      value: 1.3
      objectReference: {fileID: 0}
    - target: {fileID: 6528373871576358128, guid: ab78d1c0288bef947a9b85246407f282,
        type: 3}
      propertyPath: m_LocalPosition.y
      value: 0
      objectReference: {fileID: 0}
    - target: {fileID: 6528373871576358128, guid: ab78d1c0288bef947a9b85246407f282,
        type: 3}
      propertyPath: m_LocalPosition.z
      value: 9.02
      objectReference: {fileID: 0}
    - target: {fileID: 6528373871576358128, guid: ab78d1c0288bef947a9b85246407f282,
        type: 3}
      propertyPath: m_LocalRotation.x
      value: 0
      objectReference: {fileID: 0}
    - target: {fileID: 6528373871576358128, guid: ab78d1c0288bef947a9b85246407f282,
        type: 3}
      propertyPath: m_LocalRotation.y
      value: 0
      objectReference: {fileID: 0}
    - target: {fileID: 6528373871576358128, guid: ab78d1c0288bef947a9b85246407f282,
        type: 3}
      propertyPath: m_LocalRotation.z
      value: 0
      objectReference: {fileID: 0}
    - target: {fileID: 6528373871576358128, guid: ab78d1c0288bef947a9b85246407f282,
        type: 3}
      propertyPath: m_LocalRotation.w
      value: 1
      objectReference: {fileID: 0}
    - target: {fileID: 6528373871576358128, guid: ab78d1c0288bef947a9b85246407f282,
        type: 3}
      propertyPath: m_RootOrder
      value: 8
      objectReference: {fileID: 0}
    - target: {fileID: 6528373871576358128, guid: ab78d1c0288bef947a9b85246407f282,
        type: 3}
      propertyPath: m_LocalEulerAnglesHint.x
      value: 0
      objectReference: {fileID: 0}
    - target: {fileID: 6528373871576358128, guid: ab78d1c0288bef947a9b85246407f282,
        type: 3}
      propertyPath: m_LocalEulerAnglesHint.y
      value: 0
      objectReference: {fileID: 0}
    - target: {fileID: 6528373871576358128, guid: ab78d1c0288bef947a9b85246407f282,
        type: 3}
      propertyPath: m_LocalEulerAnglesHint.z
      value: 0
      objectReference: {fileID: 0}
    - target: {fileID: 114872109012644876, guid: ab78d1c0288bef947a9b85246407f282,
        type: 3}
      propertyPath: startsWithExtinguisher
      value: 1
      objectReference: {fileID: 0}
    m_RemovedComponents: []
  m_SourcePrefab: {fileID: 100100000, guid: ab78d1c0288bef947a9b85246407f282, type: 3}
--- !u!1001 &439833399
PrefabInstance:
  m_ObjectHideFlags: 0
  serializedVersion: 2
  m_Modification:
    m_TransformParent: {fileID: 0}
    m_Modifications:
    - target: {fileID: 1467045702776346543, guid: 5170e2c30bf0a40af9388ff53e33d390,
        type: 3}
      propertyPath: m_Name
      value: GameManager
      objectReference: {fileID: 0}
    - target: {fileID: 1467045702776346540, guid: 5170e2c30bf0a40af9388ff53e33d390,
        type: 3}
      propertyPath: cameraController
      value: 
      objectReference: {fileID: 1300611403}
    - target: {fileID: 1467045702776346541, guid: 5170e2c30bf0a40af9388ff53e33d390,
        type: 3}
      propertyPath: m_LocalPosition.x
      value: 0
      objectReference: {fileID: 0}
    - target: {fileID: 1467045702776346541, guid: 5170e2c30bf0a40af9388ff53e33d390,
        type: 3}
      propertyPath: m_LocalPosition.y
      value: 1
      objectReference: {fileID: 0}
    - target: {fileID: 1467045702776346541, guid: 5170e2c30bf0a40af9388ff53e33d390,
        type: 3}
      propertyPath: m_LocalPosition.z
      value: 0
      objectReference: {fileID: 0}
    - target: {fileID: 1467045702776346541, guid: 5170e2c30bf0a40af9388ff53e33d390,
        type: 3}
      propertyPath: m_LocalRotation.x
      value: 0
      objectReference: {fileID: 0}
    - target: {fileID: 1467045702776346541, guid: 5170e2c30bf0a40af9388ff53e33d390,
        type: 3}
      propertyPath: m_LocalRotation.y
      value: 0
      objectReference: {fileID: 0}
    - target: {fileID: 1467045702776346541, guid: 5170e2c30bf0a40af9388ff53e33d390,
        type: 3}
      propertyPath: m_LocalRotation.z
      value: 0
      objectReference: {fileID: 0}
    - target: {fileID: 1467045702776346541, guid: 5170e2c30bf0a40af9388ff53e33d390,
        type: 3}
      propertyPath: m_LocalRotation.w
      value: 1
      objectReference: {fileID: 0}
    - target: {fileID: 1467045702776346541, guid: 5170e2c30bf0a40af9388ff53e33d390,
        type: 3}
      propertyPath: m_RootOrder
      value: 4
      objectReference: {fileID: 0}
    - target: {fileID: 1467045702776346541, guid: 5170e2c30bf0a40af9388ff53e33d390,
        type: 3}
      propertyPath: m_LocalEulerAnglesHint.x
      value: 0
      objectReference: {fileID: 0}
    - target: {fileID: 1467045702776346541, guid: 5170e2c30bf0a40af9388ff53e33d390,
        type: 3}
      propertyPath: m_LocalEulerAnglesHint.y
      value: 0
      objectReference: {fileID: 0}
    - target: {fileID: 1467045702776346541, guid: 5170e2c30bf0a40af9388ff53e33d390,
        type: 3}
      propertyPath: m_LocalEulerAnglesHint.z
      value: 0
      objectReference: {fileID: 0}
    - target: {fileID: 82405500972693054, guid: 5170e2c30bf0a40af9388ff53e33d390,
        type: 3}
      propertyPath: Priority
      value: 120
      objectReference: {fileID: 0}
    - target: {fileID: 82405500972693054, guid: 5170e2c30bf0a40af9388ff53e33d390,
        type: 3}
      propertyPath: m_Volume
      value: 1
      objectReference: {fileID: 0}
    m_RemovedComponents: []
  m_SourcePrefab: {fileID: 100100000, guid: 5170e2c30bf0a40af9388ff53e33d390, type: 3}
--- !u!114 &509847922 stripped
MonoBehaviour:
  m_CorrespondingSourceObject: {fileID: 1467045702776346540, guid: 5170e2c30bf0a40af9388ff53e33d390,
    type: 3}
  m_PrefabInstance: {fileID: 439833399}
  m_PrefabAsset: {fileID: 0}
  m_GameObject: {fileID: 0}
  m_Enabled: 1
  m_EditorHideFlags: 0
  m_Script: {fileID: 11500000, guid: 9540b3b88028420b97ffb4cd5cd07090, type: 3}
  m_Name: 
  m_EditorClassIdentifier: 
--- !u!1 &582124754
GameObject:
  m_ObjectHideFlags: 0
  m_CorrespondingSourceObject: {fileID: 0}
  m_PrefabInstance: {fileID: 0}
  m_PrefabAsset: {fileID: 0}
  serializedVersion: 6
  m_Component:
  - component: {fileID: 582124755}
  - component: {fileID: 582124758}
  - component: {fileID: 582124757}
  - component: {fileID: 582124756}
  m_Layer: 0
  m_Name: North wall
  m_TagString: Untagged
  m_Icon: {fileID: 0}
  m_NavMeshLayer: 0
  m_StaticEditorFlags: 0
  m_IsActive: 1
--- !u!4 &582124755
Transform:
  m_ObjectHideFlags: 0
  m_CorrespondingSourceObject: {fileID: 0}
  m_PrefabInstance: {fileID: 0}
  m_PrefabAsset: {fileID: 0}
  m_GameObject: {fileID: 582124754}
  m_LocalRotation: {x: 0, y: 0.7071068, z: 0, w: 0.7071068}
  m_LocalPosition: {x: 0, y: 0, z: 10}
  m_LocalScale: {x: 0.5, y: 2, z: 20.5}
  m_Children: []
  m_Father: {fileID: 267121717}
  m_RootOrder: 2
  m_LocalEulerAnglesHint: {x: 0, y: 90, z: 0}
--- !u!65 &582124756
BoxCollider:
  m_ObjectHideFlags: 0
  m_CorrespondingSourceObject: {fileID: 0}
  m_PrefabInstance: {fileID: 0}
  m_PrefabAsset: {fileID: 0}
  m_GameObject: {fileID: 582124754}
  m_Material: {fileID: 0}
  m_IsTrigger: 0
  m_Enabled: 1
  serializedVersion: 2
  m_Size: {x: 1, y: 1, z: 1}
  m_Center: {x: 0, y: 0, z: 0}
--- !u!23 &582124757
MeshRenderer:
  m_ObjectHideFlags: 0
  m_CorrespondingSourceObject: {fileID: 0}
  m_PrefabInstance: {fileID: 0}
  m_PrefabAsset: {fileID: 0}
  m_GameObject: {fileID: 582124754}
  m_Enabled: 1
  m_CastShadows: 1
  m_ReceiveShadows: 1
  m_DynamicOccludee: 1
  m_MotionVectors: 1
  m_LightProbeUsage: 1
  m_ReflectionProbeUsage: 1
  m_RenderingLayerMask: 1
  m_RendererPriority: 0
  m_Materials:
  - {fileID: 10303, guid: 0000000000000000f000000000000000, type: 0}
  m_StaticBatchInfo:
    firstSubMesh: 0
    subMeshCount: 0
  m_StaticBatchRoot: {fileID: 0}
  m_ProbeAnchor: {fileID: 0}
  m_LightProbeVolumeOverride: {fileID: 0}
  m_ScaleInLightmap: 1
  m_PreserveUVs: 0
  m_IgnoreNormalsForChartDetection: 0
  m_ImportantGI: 0
  m_StitchLightmapSeams: 0
  m_SelectedEditorRenderState: 3
  m_MinimumChartSize: 4
  m_AutoUVMaxDistance: 0.5
  m_AutoUVMaxAngle: 89
  m_LightmapParameters: {fileID: 0}
  m_SortingLayerID: 0
  m_SortingLayer: 0
  m_SortingOrder: 0
--- !u!33 &582124758
MeshFilter:
  m_ObjectHideFlags: 0
  m_CorrespondingSourceObject: {fileID: 0}
  m_PrefabInstance: {fileID: 0}
  m_PrefabAsset: {fileID: 0}
  m_GameObject: {fileID: 582124754}
  m_Mesh: {fileID: 10202, guid: 0000000000000000e000000000000000, type: 0}
--- !u!1001 &689533513
PrefabInstance:
  m_ObjectHideFlags: 0
  serializedVersion: 2
  m_Modification:
    m_TransformParent: {fileID: 0}
    m_Modifications:
    - target: {fileID: 3097277307529777788, guid: 22f9b97348f3c0d44afe5c30a340d667,
        type: 3}
      propertyPath: m_Name
      value: Table_HotPlates
      objectReference: {fileID: 0}
    - target: {fileID: 3097277307530202716, guid: 22f9b97348f3c0d44afe5c30a340d667,
        type: 3}
      propertyPath: m_LocalPosition.x
      value: -4.168
      objectReference: {fileID: 0}
    - target: {fileID: 3097277307530202716, guid: 22f9b97348f3c0d44afe5c30a340d667,
        type: 3}
      propertyPath: m_LocalPosition.y
      value: 0
      objectReference: {fileID: 0}
    - target: {fileID: 3097277307530202716, guid: 22f9b97348f3c0d44afe5c30a340d667,
        type: 3}
      propertyPath: m_LocalPosition.z
      value: 9.09
      objectReference: {fileID: 0}
    - target: {fileID: 3097277307530202716, guid: 22f9b97348f3c0d44afe5c30a340d667,
        type: 3}
      propertyPath: m_LocalRotation.x
      value: -0
      objectReference: {fileID: 0}
    - target: {fileID: 3097277307530202716, guid: 22f9b97348f3c0d44afe5c30a340d667,
        type: 3}
      propertyPath: m_LocalRotation.y
      value: -0
      objectReference: {fileID: 0}
    - target: {fileID: 3097277307530202716, guid: 22f9b97348f3c0d44afe5c30a340d667,
        type: 3}
      propertyPath: m_LocalRotation.z
      value: -0
      objectReference: {fileID: 0}
    - target: {fileID: 3097277307530202716, guid: 22f9b97348f3c0d44afe5c30a340d667,
        type: 3}
      propertyPath: m_LocalRotation.w
      value: 1
      objectReference: {fileID: 0}
    - target: {fileID: 3097277307530202716, guid: 22f9b97348f3c0d44afe5c30a340d667,
        type: 3}
      propertyPath: m_RootOrder
      value: 10
      objectReference: {fileID: 0}
    - target: {fileID: 3097277307530202716, guid: 22f9b97348f3c0d44afe5c30a340d667,
        type: 3}
      propertyPath: m_LocalEulerAnglesHint.x
      value: 0
      objectReference: {fileID: 0}
    - target: {fileID: 3097277307530202716, guid: 22f9b97348f3c0d44afe5c30a340d667,
        type: 3}
      propertyPath: m_LocalEulerAnglesHint.y
      value: 0
      objectReference: {fileID: 0}
    - target: {fileID: 3097277307530202716, guid: 22f9b97348f3c0d44afe5c30a340d667,
        type: 3}
      propertyPath: m_LocalEulerAnglesHint.z
      value: 0
      objectReference: {fileID: 0}
    m_RemovedComponents: []
  m_SourcePrefab: {fileID: 100100000, guid: 22f9b97348f3c0d44afe5c30a340d667, type: 3}
--- !u!1001 &719144876
PrefabInstance:
  m_ObjectHideFlags: 0
  serializedVersion: 2
  m_Modification:
    m_TransformParent: {fileID: 0}
    m_Modifications:
    - target: {fileID: 3866088365239719165, guid: c9a7afbd60554594daec1cd0cb896ef7,
        type: 3}
      propertyPath: m_Name
      value: Tomato_Raw
      objectReference: {fileID: 0}
    - target: {fileID: 3866088365239945437, guid: c9a7afbd60554594daec1cd0cb896ef7,
        type: 3}
      propertyPath: m_LocalPosition.x
      value: -2.174619
      objectReference: {fileID: 0}
    - target: {fileID: 3866088365239945437, guid: c9a7afbd60554594daec1cd0cb896ef7,
        type: 3}
      propertyPath: m_LocalPosition.y
      value: -0.00004313188
      objectReference: {fileID: 0}
    - target: {fileID: 3866088365239945437, guid: c9a7afbd60554594daec1cd0cb896ef7,
        type: 3}
      propertyPath: m_LocalPosition.z
      value: -1.3248452
      objectReference: {fileID: 0}
    - target: {fileID: 3866088365239945437, guid: c9a7afbd60554594daec1cd0cb896ef7,
        type: 3}
      propertyPath: m_LocalRotation.x
      value: 0
      objectReference: {fileID: 0}
    - target: {fileID: 3866088365239945437, guid: c9a7afbd60554594daec1cd0cb896ef7,
        type: 3}
      propertyPath: m_LocalRotation.y
      value: 0
      objectReference: {fileID: 0}
    - target: {fileID: 3866088365239945437, guid: c9a7afbd60554594daec1cd0cb896ef7,
        type: 3}
      propertyPath: m_LocalRotation.z
      value: 0
      objectReference: {fileID: 0}
    - target: {fileID: 3866088365239945437, guid: c9a7afbd60554594daec1cd0cb896ef7,
        type: 3}
      propertyPath: m_LocalRotation.w
      value: 1
      objectReference: {fileID: 0}
    - target: {fileID: 3866088365239945437, guid: c9a7afbd60554594daec1cd0cb896ef7,
        type: 3}
      propertyPath: m_RootOrder
      value: 1
      objectReference: {fileID: 0}
    - target: {fileID: 3866088365239945437, guid: c9a7afbd60554594daec1cd0cb896ef7,
        type: 3}
      propertyPath: m_LocalEulerAnglesHint.x
      value: 0
      objectReference: {fileID: 0}
    - target: {fileID: 3866088365239945437, guid: c9a7afbd60554594daec1cd0cb896ef7,
        type: 3}
      propertyPath: m_LocalEulerAnglesHint.y
      value: 0
      objectReference: {fileID: 0}
    - target: {fileID: 3866088365239945437, guid: c9a7afbd60554594daec1cd0cb896ef7,
        type: 3}
      propertyPath: m_LocalEulerAnglesHint.z
      value: 0
      objectReference: {fileID: 0}
    m_RemovedComponents: []
  m_SourcePrefab: {fileID: 100100000, guid: c9a7afbd60554594daec1cd0cb896ef7, type: 3}
--- !u!4 &891002719 stripped
Transform:
  m_CorrespondingSourceObject: {fileID: 6528373871576358128, guid: ab78d1c0288bef947a9b85246407f282,
    type: 3}
  m_PrefabInstance: {fileID: 307390245}
  m_PrefabAsset: {fileID: 0}
--- !u!1 &956481641
GameObject:
  m_ObjectHideFlags: 0
  m_CorrespondingSourceObject: {fileID: 0}
  m_PrefabInstance: {fileID: 0}
  m_PrefabAsset: {fileID: 0}
  serializedVersion: 6
  m_Component:
  - component: {fileID: 956481642}
  - component: {fileID: 956481645}
  - component: {fileID: 956481644}
  - component: {fileID: 956481643}
  m_Layer: 0
  m_Name: West Wall
  m_TagString: Untagged
  m_Icon: {fileID: 0}
  m_NavMeshLayer: 0
  m_StaticEditorFlags: 0
  m_IsActive: 1
--- !u!4 &956481642
Transform:
  m_ObjectHideFlags: 0
  m_CorrespondingSourceObject: {fileID: 0}
  m_PrefabInstance: {fileID: 0}
  m_PrefabAsset: {fileID: 0}
  m_GameObject: {fileID: 956481641}
  m_LocalRotation: {x: -0, y: -0, z: -0, w: 1}
  m_LocalPosition: {x: -10, y: 0, z: 0}
  m_LocalScale: {x: 0.5, y: 2, z: 20.5}
  m_Children: []
  m_Father: {fileID: 267121717}
  m_RootOrder: 0
  m_LocalEulerAnglesHint: {x: 0, y: 0, z: 0}
--- !u!65 &956481643
BoxCollider:
  m_ObjectHideFlags: 0
  m_CorrespondingSourceObject: {fileID: 0}
  m_PrefabInstance: {fileID: 0}
  m_PrefabAsset: {fileID: 0}
  m_GameObject: {fileID: 956481641}
  m_Material: {fileID: 0}
  m_IsTrigger: 0
  m_Enabled: 1
  serializedVersion: 2
  m_Size: {x: 1, y: 1, z: 1}
  m_Center: {x: 0, y: 0, z: 0}
--- !u!23 &956481644
MeshRenderer:
  m_ObjectHideFlags: 0
  m_CorrespondingSourceObject: {fileID: 0}
  m_PrefabInstance: {fileID: 0}
  m_PrefabAsset: {fileID: 0}
  m_GameObject: {fileID: 956481641}
  m_Enabled: 1
  m_CastShadows: 1
  m_ReceiveShadows: 1
  m_DynamicOccludee: 1
  m_MotionVectors: 1
  m_LightProbeUsage: 1
  m_ReflectionProbeUsage: 1
  m_RenderingLayerMask: 1
  m_RendererPriority: 0
  m_Materials:
  - {fileID: 10303, guid: 0000000000000000f000000000000000, type: 0}
  m_StaticBatchInfo:
    firstSubMesh: 0
    subMeshCount: 0
  m_StaticBatchRoot: {fileID: 0}
  m_ProbeAnchor: {fileID: 0}
  m_LightProbeVolumeOverride: {fileID: 0}
  m_ScaleInLightmap: 1
  m_PreserveUVs: 0
  m_IgnoreNormalsForChartDetection: 0
  m_ImportantGI: 0
  m_StitchLightmapSeams: 0
  m_SelectedEditorRenderState: 3
  m_MinimumChartSize: 4
  m_AutoUVMaxDistance: 0.5
  m_AutoUVMaxAngle: 89
  m_LightmapParameters: {fileID: 0}
  m_SortingLayerID: 0
  m_SortingLayer: 0
  m_SortingOrder: 0
--- !u!33 &956481645
MeshFilter:
  m_ObjectHideFlags: 0
  m_CorrespondingSourceObject: {fileID: 0}
  m_PrefabInstance: {fileID: 0}
  m_PrefabAsset: {fileID: 0}
  m_GameObject: {fileID: 956481641}
  m_Mesh: {fileID: 10202, guid: 0000000000000000e000000000000000, type: 0}
--- !u!1 &966354355
GameObject:
  m_ObjectHideFlags: 0
  m_CorrespondingSourceObject: {fileID: 0}
  m_PrefabInstance: {fileID: 0}
  m_PrefabAsset: {fileID: 0}
  serializedVersion: 6
  m_Component:
  - component: {fileID: 966354356}
  - component: {fileID: 966354359}
  - component: {fileID: 966354358}
  - component: {fileID: 966354357}
  m_Layer: 0
  m_Name: East wall
  m_TagString: Untagged
  m_Icon: {fileID: 0}
  m_NavMeshLayer: 0
  m_StaticEditorFlags: 0
  m_IsActive: 1
--- !u!4 &966354356
Transform:
  m_ObjectHideFlags: 0
  m_CorrespondingSourceObject: {fileID: 0}
  m_PrefabInstance: {fileID: 0}
  m_PrefabAsset: {fileID: 0}
  m_GameObject: {fileID: 966354355}
  m_LocalRotation: {x: -0, y: -0, z: -0, w: 1}
  m_LocalPosition: {x: 10, y: 0, z: 0}
  m_LocalScale: {x: 0.5, y: 2, z: 20.5}
  m_Children: []
  m_Father: {fileID: 267121717}
  m_RootOrder: 1
  m_LocalEulerAnglesHint: {x: 0, y: 0, z: 0}
--- !u!65 &966354357
BoxCollider:
  m_ObjectHideFlags: 0
  m_CorrespondingSourceObject: {fileID: 0}
  m_PrefabInstance: {fileID: 0}
  m_PrefabAsset: {fileID: 0}
  m_GameObject: {fileID: 966354355}
  m_Material: {fileID: 0}
  m_IsTrigger: 0
  m_Enabled: 1
  serializedVersion: 2
  m_Size: {x: 1, y: 1, z: 1}
  m_Center: {x: 0, y: 0, z: 0}
--- !u!23 &966354358
MeshRenderer:
  m_ObjectHideFlags: 0
  m_CorrespondingSourceObject: {fileID: 0}
  m_PrefabInstance: {fileID: 0}
  m_PrefabAsset: {fileID: 0}
  m_GameObject: {fileID: 966354355}
  m_Enabled: 1
  m_CastShadows: 1
  m_ReceiveShadows: 1
  m_DynamicOccludee: 1
  m_MotionVectors: 1
  m_LightProbeUsage: 1
  m_ReflectionProbeUsage: 1
  m_RenderingLayerMask: 1
  m_RendererPriority: 0
  m_Materials:
  - {fileID: 10303, guid: 0000000000000000f000000000000000, type: 0}
  m_StaticBatchInfo:
    firstSubMesh: 0
    subMeshCount: 0
  m_StaticBatchRoot: {fileID: 0}
  m_ProbeAnchor: {fileID: 0}
  m_LightProbeVolumeOverride: {fileID: 0}
  m_ScaleInLightmap: 1
  m_PreserveUVs: 0
  m_IgnoreNormalsForChartDetection: 0
  m_ImportantGI: 0
  m_StitchLightmapSeams: 0
  m_SelectedEditorRenderState: 3
  m_MinimumChartSize: 4
  m_AutoUVMaxDistance: 0.5
  m_AutoUVMaxAngle: 89
  m_LightmapParameters: {fileID: 0}
  m_SortingLayerID: 0
  m_SortingLayer: 0
  m_SortingOrder: 0
--- !u!33 &966354359
MeshFilter:
  m_ObjectHideFlags: 0
  m_CorrespondingSourceObject: {fileID: 0}
  m_PrefabInstance: {fileID: 0}
  m_PrefabAsset: {fileID: 0}
  m_GameObject: {fileID: 966354355}
  m_Mesh: {fileID: 10202, guid: 0000000000000000e000000000000000, type: 0}
--- !u!1 &966833365
GameObject:
  m_ObjectHideFlags: 0
  m_CorrespondingSourceObject: {fileID: 0}
  m_PrefabInstance: {fileID: 0}
  m_PrefabAsset: {fileID: 0}
  serializedVersion: 6
  m_Component:
  - component: {fileID: 966833369}
  - component: {fileID: 966833368}
  - component: {fileID: 966833367}
  - component: {fileID: 966833366}
  m_Layer: 0
  m_Name: Ground
  m_TagString: Untagged
  m_Icon: {fileID: 0}
  m_NavMeshLayer: 0
  m_StaticEditorFlags: 0
  m_IsActive: 1
--- !u!64 &966833366
MeshCollider:
  m_ObjectHideFlags: 0
  m_CorrespondingSourceObject: {fileID: 0}
  m_PrefabInstance: {fileID: 0}
  m_PrefabAsset: {fileID: 0}
  m_GameObject: {fileID: 966833365}
  m_Material: {fileID: 0}
  m_IsTrigger: 0
  m_Enabled: 1
  serializedVersion: 3
  m_Convex: 0
  m_CookingOptions: 14
  m_Mesh: {fileID: 10209, guid: 0000000000000000e000000000000000, type: 0}
--- !u!23 &966833367
MeshRenderer:
  m_ObjectHideFlags: 0
  m_CorrespondingSourceObject: {fileID: 0}
  m_PrefabInstance: {fileID: 0}
  m_PrefabAsset: {fileID: 0}
  m_GameObject: {fileID: 966833365}
  m_Enabled: 1
  m_CastShadows: 1
  m_ReceiveShadows: 1
  m_DynamicOccludee: 1
  m_MotionVectors: 1
  m_LightProbeUsage: 1
  m_ReflectionProbeUsage: 1
  m_RenderingLayerMask: 1
  m_RendererPriority: 0
  m_Materials:
  - {fileID: 2100000, guid: 997db25c59e464ad3a78eec4d5b4cf51, type: 2}
  m_StaticBatchInfo:
    firstSubMesh: 0
    subMeshCount: 0
  m_StaticBatchRoot: {fileID: 0}
  m_ProbeAnchor: {fileID: 0}
  m_LightProbeVolumeOverride: {fileID: 0}
  m_ScaleInLightmap: 1
  m_PreserveUVs: 0
  m_IgnoreNormalsForChartDetection: 0
  m_ImportantGI: 0
  m_StitchLightmapSeams: 0
  m_SelectedEditorRenderState: 3
  m_MinimumChartSize: 4
  m_AutoUVMaxDistance: 0.5
  m_AutoUVMaxAngle: 89
  m_LightmapParameters: {fileID: 0}
  m_SortingLayerID: 0
  m_SortingLayer: 0
  m_SortingOrder: 0
--- !u!33 &966833368
MeshFilter:
  m_ObjectHideFlags: 0
  m_CorrespondingSourceObject: {fileID: 0}
  m_PrefabInstance: {fileID: 0}
  m_PrefabAsset: {fileID: 0}
  m_GameObject: {fileID: 966833365}
  m_Mesh: {fileID: 10209, guid: 0000000000000000e000000000000000, type: 0}
--- !u!4 &966833369
Transform:
  m_ObjectHideFlags: 0
  m_CorrespondingSourceObject: {fileID: 0}
  m_PrefabInstance: {fileID: 0}
  m_PrefabAsset: {fileID: 0}
  m_GameObject: {fileID: 966833365}
  m_LocalRotation: {x: 0, y: 0, z: 0, w: 1}
  m_LocalPosition: {x: 0, y: 0, z: 0}
  m_LocalScale: {x: 2, y: 1, z: 2}
  m_Children: []
  m_Father: {fileID: 0}
  m_RootOrder: 7
  m_LocalEulerAnglesHint: {x: 0, y: 0, z: 0}
--- !u!1001 &1032756496
PrefabInstance:
  m_ObjectHideFlags: 0
  serializedVersion: 2
  m_Modification:
    m_TransformParent: {fileID: 1688329004}
    m_Modifications:
    - target: {fileID: 6528373871576842448, guid: ab78d1c0288bef947a9b85246407f282,
        type: 3}
      propertyPath: m_Name
      value: Table (1)
      objectReference: {fileID: 0}
    - target: {fileID: 6528373871576358128, guid: ab78d1c0288bef947a9b85246407f282,
        type: 3}
      propertyPath: m_LocalPosition.x
      value: -1.54
      objectReference: {fileID: 0}
    - target: {fileID: 6528373871576358128, guid: ab78d1c0288bef947a9b85246407f282,
        type: 3}
      propertyPath: m_LocalPosition.y
      value: 0
      objectReference: {fileID: 0}
    - target: {fileID: 6528373871576358128, guid: ab78d1c0288bef947a9b85246407f282,
        type: 3}
      propertyPath: m_LocalPosition.z
      value: 9.02
      objectReference: {fileID: 0}
    - target: {fileID: 6528373871576358128, guid: ab78d1c0288bef947a9b85246407f282,
        type: 3}
      propertyPath: m_LocalRotation.x
      value: 0
      objectReference: {fileID: 0}
    - target: {fileID: 6528373871576358128, guid: ab78d1c0288bef947a9b85246407f282,
        type: 3}
      propertyPath: m_LocalRotation.y
      value: 0
      objectReference: {fileID: 0}
    - target: {fileID: 6528373871576358128, guid: ab78d1c0288bef947a9b85246407f282,
        type: 3}
      propertyPath: m_LocalRotation.z
      value: 0
      objectReference: {fileID: 0}
    - target: {fileID: 6528373871576358128, guid: ab78d1c0288bef947a9b85246407f282,
        type: 3}
      propertyPath: m_LocalRotation.w
      value: 1
      objectReference: {fileID: 0}
    - target: {fileID: 6528373871576358128, guid: ab78d1c0288bef947a9b85246407f282,
        type: 3}
      propertyPath: m_RootOrder
      value: 3
      objectReference: {fileID: 0}
    - target: {fileID: 6528373871576358128, guid: ab78d1c0288bef947a9b85246407f282,
        type: 3}
      propertyPath: m_LocalEulerAnglesHint.x
      value: 0
      objectReference: {fileID: 0}
    - target: {fileID: 6528373871576358128, guid: ab78d1c0288bef947a9b85246407f282,
        type: 3}
      propertyPath: m_LocalEulerAnglesHint.y
      value: 0
      objectReference: {fileID: 0}
    - target: {fileID: 6528373871576358128, guid: ab78d1c0288bef947a9b85246407f282,
        type: 3}
      propertyPath: m_LocalEulerAnglesHint.z
      value: 0
      objectReference: {fileID: 0}
    m_RemovedComponents: []
  m_SourcePrefab: {fileID: 100100000, guid: ab78d1c0288bef947a9b85246407f282, type: 3}
--- !u!4 &1032756497 stripped
Transform:
  m_CorrespondingSourceObject: {fileID: 6528373871576358128, guid: ab78d1c0288bef947a9b85246407f282,
    type: 3}
  m_PrefabInstance: {fileID: 1032756496}
  m_PrefabAsset: {fileID: 0}
--- !u!114 &1300611403 stripped
MonoBehaviour:
  m_CorrespondingSourceObject: {fileID: 5488952982790921623, guid: 5c13ac6703c6744639abcf9fc662ecc4,
    type: 3}
  m_PrefabInstance: {fileID: 1858445751}
  m_PrefabAsset: {fileID: 0}
  m_GameObject: {fileID: 0}
  m_Enabled: 1
  m_EditorHideFlags: 0
  m_Script: {fileID: 11500000, guid: 9b0e55491b5f948b390d8ea568839c92, type: 3}
  m_Name: 
  m_EditorClassIdentifier: 
--- !u!1 &1688329003
GameObject:
  m_ObjectHideFlags: 0
  m_CorrespondingSourceObject: {fileID: 0}
  m_PrefabInstance: {fileID: 0}
  m_PrefabAsset: {fileID: 0}
  serializedVersion: 6
  m_Component:
  - component: {fileID: 1688329004}
  m_Layer: 0
  m_Name: Tables
  m_TagString: Untagged
  m_Icon: {fileID: 0}
  m_NavMeshLayer: 0
  m_StaticEditorFlags: 0
  m_IsActive: 1
--- !u!4 &1688329004
Transform:
  m_ObjectHideFlags: 0
  m_CorrespondingSourceObject: {fileID: 0}
  m_PrefabInstance: {fileID: 0}
  m_PrefabAsset: {fileID: 0}
  m_GameObject: {fileID: 1688329003}
  m_LocalRotation: {x: 0, y: 0, z: 0, w: 1}
  m_LocalPosition: {x: 0, y: 0, z: 0}
  m_LocalScale: {x: 1, y: 1, z: 1}
  m_Children:
  - {fileID: 3785555235438174973}
  - {fileID: 2283206286166399897}
  - {fileID: 141596461}
  - {fileID: 1032756497}
  - {fileID: 186884620}
  - {fileID: 214013178}
  - {fileID: 687443460932754233}
  - {fileID: 8305973707725014030}
  - {fileID: 891002719}
  m_Father: {fileID: 0}
  m_RootOrder: 11
  m_LocalEulerAnglesHint: {x: 0, y: 0, z: 0}
--- !u!1 &1760231458
GameObject:
  m_ObjectHideFlags: 0
  m_CorrespondingSourceObject: {fileID: 0}
  m_PrefabInstance: {fileID: 0}
  m_PrefabAsset: {fileID: 0}
  serializedVersion: 6
  m_Component:
  - component: {fileID: 1760231459}
  - component: {fileID: 1760231462}
  - component: {fileID: 1760231461}
  - component: {fileID: 1760231460}
  m_Layer: 0
  m_Name: South wall
  m_TagString: Untagged
  m_Icon: {fileID: 0}
  m_NavMeshLayer: 0
  m_StaticEditorFlags: 0
  m_IsActive: 1
--- !u!4 &1760231459
Transform:
  m_ObjectHideFlags: 0
  m_CorrespondingSourceObject: {fileID: 0}
  m_PrefabInstance: {fileID: 0}
  m_PrefabAsset: {fileID: 0}
  m_GameObject: {fileID: 1760231458}
  m_LocalRotation: {x: -0, y: 0.7071068, z: -0, w: 0.7071068}
  m_LocalPosition: {x: 0, y: 0, z: -10}
  m_LocalScale: {x: 0.50000024, y: 2, z: 20.5}
  m_Children: []
  m_Father: {fileID: 267121717}
  m_RootOrder: 3
  m_LocalEulerAnglesHint: {x: 0, y: 90, z: 0}
--- !u!65 &1760231460
BoxCollider:
  m_ObjectHideFlags: 0
  m_CorrespondingSourceObject: {fileID: 0}
  m_PrefabInstance: {fileID: 0}
  m_PrefabAsset: {fileID: 0}
  m_GameObject: {fileID: 1760231458}
  m_Material: {fileID: 0}
  m_IsTrigger: 0
  m_Enabled: 1
  serializedVersion: 2
  m_Size: {x: 1, y: 1, z: 1}
  m_Center: {x: 0, y: 0, z: 0}
--- !u!23 &1760231461
MeshRenderer:
  m_ObjectHideFlags: 0
  m_CorrespondingSourceObject: {fileID: 0}
  m_PrefabInstance: {fileID: 0}
  m_PrefabAsset: {fileID: 0}
  m_GameObject: {fileID: 1760231458}
  m_Enabled: 1
  m_CastShadows: 1
  m_ReceiveShadows: 1
  m_DynamicOccludee: 1
  m_MotionVectors: 1
  m_LightProbeUsage: 1
  m_ReflectionProbeUsage: 1
  m_RenderingLayerMask: 1
  m_RendererPriority: 0
  m_Materials:
  - {fileID: 10303, guid: 0000000000000000f000000000000000, type: 0}
  m_StaticBatchInfo:
    firstSubMesh: 0
    subMeshCount: 0
  m_StaticBatchRoot: {fileID: 0}
  m_ProbeAnchor: {fileID: 0}
  m_LightProbeVolumeOverride: {fileID: 0}
  m_ScaleInLightmap: 1
  m_PreserveUVs: 0
  m_IgnoreNormalsForChartDetection: 0
  m_ImportantGI: 0
  m_StitchLightmapSeams: 0
  m_SelectedEditorRenderState: 3
  m_MinimumChartSize: 4
  m_AutoUVMaxDistance: 0.5
  m_AutoUVMaxAngle: 89
  m_LightmapParameters: {fileID: 0}
  m_SortingLayerID: 0
  m_SortingLayer: 0
  m_SortingOrder: 0
--- !u!33 &1760231462
MeshFilter:
  m_ObjectHideFlags: 0
  m_CorrespondingSourceObject: {fileID: 0}
  m_PrefabInstance: {fileID: 0}
  m_PrefabAsset: {fileID: 0}
  m_GameObject: {fileID: 1760231458}
  m_Mesh: {fileID: 10202, guid: 0000000000000000e000000000000000, type: 0}
--- !u!1001 &1858445751
PrefabInstance:
  m_ObjectHideFlags: 0
  serializedVersion: 2
  m_Modification:
    m_TransformParent: {fileID: 0}
    m_Modifications:
    - target: {fileID: 5488952982790921611, guid: 5c13ac6703c6744639abcf9fc662ecc4,
        type: 3}
      propertyPath: m_Name
      value: CameraController
      objectReference: {fileID: 0}
    - target: {fileID: 5488952982790921622, guid: 5c13ac6703c6744639abcf9fc662ecc4,
        type: 3}
      propertyPath: m_LocalPosition.x
      value: 0
      objectReference: {fileID: 0}
    - target: {fileID: 5488952982790921622, guid: 5c13ac6703c6744639abcf9fc662ecc4,
        type: 3}
      propertyPath: m_LocalPosition.y
      value: 10
      objectReference: {fileID: 0}
    - target: {fileID: 5488952982790921622, guid: 5c13ac6703c6744639abcf9fc662ecc4,
        type: 3}
      propertyPath: m_LocalPosition.z
      value: -10
      objectReference: {fileID: 0}
    - target: {fileID: 5488952982790921622, guid: 5c13ac6703c6744639abcf9fc662ecc4,
        type: 3}
      propertyPath: m_LocalRotation.x
      value: 0.38268343
      objectReference: {fileID: 0}
    - target: {fileID: 5488952982790921622, guid: 5c13ac6703c6744639abcf9fc662ecc4,
        type: 3}
      propertyPath: m_LocalRotation.y
      value: 0
      objectReference: {fileID: 0}
    - target: {fileID: 5488952982790921622, guid: 5c13ac6703c6744639abcf9fc662ecc4,
        type: 3}
      propertyPath: m_LocalRotation.z
      value: 0
      objectReference: {fileID: 0}
    - target: {fileID: 5488952982790921622, guid: 5c13ac6703c6744639abcf9fc662ecc4,
        type: 3}
      propertyPath: m_LocalRotation.w
      value: 0.92387956
      objectReference: {fileID: 0}
    - target: {fileID: 5488952982790921622, guid: 5c13ac6703c6744639abcf9fc662ecc4,
        type: 3}
      propertyPath: m_RootOrder
      value: 6
      objectReference: {fileID: 0}
    - target: {fileID: 5488952982790921622, guid: 5c13ac6703c6744639abcf9fc662ecc4,
        type: 3}
      propertyPath: m_LocalEulerAnglesHint.x
      value: 45
      objectReference: {fileID: 0}
    - target: {fileID: 5488952982790921622, guid: 5c13ac6703c6744639abcf9fc662ecc4,
        type: 3}
      propertyPath: m_LocalEulerAnglesHint.y
      value: 0
      objectReference: {fileID: 0}
    - target: {fileID: 5488952982790921622, guid: 5c13ac6703c6744639abcf9fc662ecc4,
        type: 3}
      propertyPath: m_LocalEulerAnglesHint.z
      value: 0
      objectReference: {fileID: 0}
    m_RemovedComponents: []
  m_SourcePrefab: {fileID: 100100000, guid: 5c13ac6703c6744639abcf9fc662ecc4, type: 3}
--- !u!4 &687443460932754233 stripped
Transform:
  m_CorrespondingSourceObject: {fileID: 6457334112007190790, guid: f2f3e9beb17816a4db0c63012f35c131,
    type: 3}
  m_PrefabInstance: {fileID: 5771157343500542527}
  m_PrefabAsset: {fileID: 0}
--- !u!4 &2283206286166399897 stripped
Transform:
  m_CorrespondingSourceObject: {fileID: 7419286403127950260, guid: c7ea2228e9e93a94a9dd2727c5090362,
    type: 3}
  m_PrefabInstance: {fileID: 8744035173209776173}
  m_PrefabAsset: {fileID: 0}
--- !u!1001 &3703748443336094277
PrefabInstance:
  m_ObjectHideFlags: 0
  serializedVersion: 2
  m_Modification:
    m_TransformParent: {fileID: 1688329004}
    m_Modifications:
    - target: {fileID: 4621507412298082923, guid: 47dc9b16b619ced42a459f9a54218a71,
        type: 3}
      propertyPath: m_Name
      value: Cheese_Table
      objectReference: {fileID: 0}
    - target: {fileID: 4621507412297987659, guid: 47dc9b16b619ced42a459f9a54218a71,
        type: 3}
      propertyPath: m_LocalPosition.x
      value: 4.253764
      objectReference: {fileID: 0}
    - target: {fileID: 4621507412297987659, guid: 47dc9b16b619ced42a459f9a54218a71,
        type: 3}
      propertyPath: m_LocalPosition.y
      value: 0
      objectReference: {fileID: 0}
    - target: {fileID: 4621507412297987659, guid: 47dc9b16b619ced42a459f9a54218a71,
        type: 3}
      propertyPath: m_LocalPosition.z
      value: 9.041139
      objectReference: {fileID: 0}
    - target: {fileID: 4621507412297987659, guid: 47dc9b16b619ced42a459f9a54218a71,
        type: 3}
      propertyPath: m_LocalRotation.x
      value: -0
      objectReference: {fileID: 0}
    - target: {fileID: 4621507412297987659, guid: 47dc9b16b619ced42a459f9a54218a71,
        type: 3}
      propertyPath: m_LocalRotation.y
      value: 1
      objectReference: {fileID: 0}
    - target: {fileID: 4621507412297987659, guid: 47dc9b16b619ced42a459f9a54218a71,
        type: 3}
      propertyPath: m_LocalRotation.z
      value: -0
      objectReference: {fileID: 0}
    - target: {fileID: 4621507412297987659, guid: 47dc9b16b619ced42a459f9a54218a71,
        type: 3}
      propertyPath: m_LocalRotation.w
      value: 0
      objectReference: {fileID: 0}
    - target: {fileID: 4621507412297987659, guid: 47dc9b16b619ced42a459f9a54218a71,
        type: 3}
      propertyPath: m_RootOrder
      value: 7
      objectReference: {fileID: 0}
    - target: {fileID: 4621507412297987659, guid: 47dc9b16b619ced42a459f9a54218a71,
        type: 3}
      propertyPath: m_LocalEulerAnglesHint.x
      value: 0
      objectReference: {fileID: 0}
    - target: {fileID: 4621507412297987659, guid: 47dc9b16b619ced42a459f9a54218a71,
        type: 3}
      propertyPath: m_LocalEulerAnglesHint.y
      value: 180
      objectReference: {fileID: 0}
    - target: {fileID: 4621507412297987659, guid: 47dc9b16b619ced42a459f9a54218a71,
        type: 3}
      propertyPath: m_LocalEulerAnglesHint.z
      value: 0
      objectReference: {fileID: 0}
    m_RemovedComponents: []
  m_SourcePrefab: {fileID: 100100000, guid: 47dc9b16b619ced42a459f9a54218a71, type: 3}
--- !u!1001 &3770736520923997064
PrefabInstance:
  m_ObjectHideFlags: 0
  serializedVersion: 2
  m_Modification:
    m_TransformParent: {fileID: 0}
    m_Modifications:
    - target: {fileID: 4879309360300860589, guid: 848bcc0c7c807dc4fae192bbf1e83b83,
        type: 3}
      propertyPath: m_Name
      value: Delivery_Table
      objectReference: {fileID: 0}
    - target: {fileID: 4879309360301291661, guid: 848bcc0c7c807dc4fae192bbf1e83b83,
        type: 3}
      propertyPath: m_LocalPosition.x
      value: 7.8619947
      objectReference: {fileID: 0}
    - target: {fileID: 4879309360301291661, guid: 848bcc0c7c807dc4fae192bbf1e83b83,
        type: 3}
      propertyPath: m_LocalPosition.y
      value: 0.000000054770798
      objectReference: {fileID: 0}
    - target: {fileID: 4879309360301291661, guid: 848bcc0c7c807dc4fae192bbf1e83b83,
        type: 3}
      propertyPath: m_LocalPosition.z
      value: 4.2743115
      objectReference: {fileID: 0}
    - target: {fileID: 4879309360301291661, guid: 848bcc0c7c807dc4fae192bbf1e83b83,
        type: 3}
      propertyPath: m_LocalRotation.x
      value: 0
      objectReference: {fileID: 0}
    - target: {fileID: 4879309360301291661, guid: 848bcc0c7c807dc4fae192bbf1e83b83,
        type: 3}
      propertyPath: m_LocalRotation.y
      value: 0
      objectReference: {fileID: 0}
    - target: {fileID: 4879309360301291661, guid: 848bcc0c7c807dc4fae192bbf1e83b83,
        type: 3}
      propertyPath: m_LocalRotation.z
      value: 0
      objectReference: {fileID: 0}
    - target: {fileID: 4879309360301291661, guid: 848bcc0c7c807dc4fae192bbf1e83b83,
        type: 3}
      propertyPath: m_LocalRotation.w
      value: 1
      objectReference: {fileID: 0}
    - target: {fileID: 4879309360301291661, guid: 848bcc0c7c807dc4fae192bbf1e83b83,
        type: 3}
      propertyPath: m_RootOrder
      value: 2
      objectReference: {fileID: 0}
    - target: {fileID: 4879309360301291661, guid: 848bcc0c7c807dc4fae192bbf1e83b83,
        type: 3}
      propertyPath: m_LocalEulerAnglesHint.x
      value: 0
      objectReference: {fileID: 0}
    - target: {fileID: 4879309360301291661, guid: 848bcc0c7c807dc4fae192bbf1e83b83,
        type: 3}
      propertyPath: m_LocalEulerAnglesHint.y
      value: 0
      objectReference: {fileID: 0}
    - target: {fileID: 4879309360301291661, guid: 848bcc0c7c807dc4fae192bbf1e83b83,
        type: 3}
      propertyPath: m_LocalEulerAnglesHint.z
      value: 0
      objectReference: {fileID: 0}
    - target: {fileID: 5066936858214064457, guid: 848bcc0c7c807dc4fae192bbf1e83b83,
        type: 3}
      propertyPath: gameController
      value: 
      objectReference: {fileID: 509847922}
    m_RemovedComponents: []
  m_SourcePrefab: {fileID: 100100000, guid: 848bcc0c7c807dc4fae192bbf1e83b83, type: 3}
--- !u!4 &3785555235438174973 stripped
Transform:
  m_CorrespondingSourceObject: {fileID: 6538397479251758758, guid: d7192873b1d8d1c4087ffe974c1f68fb,
    type: 3}
  m_PrefabInstance: {fileID: 7941521470259588187}
  m_PrefabAsset: {fileID: 0}
--- !u!1001 &5354439681216370078
PrefabInstance:
  m_ObjectHideFlags: 0
  serializedVersion: 2
  m_Modification:
    m_TransformParent: {fileID: 0}
    m_Modifications:
    - target: {fileID: 2108864384661620899, guid: 80185cf3bba944c0398e6e9cadf4aac7,
        type: 3}
      propertyPath: m_Name
      value: RecipeAssembler
      objectReference: {fileID: 0}
    - target: {fileID: 3614101396298116579, guid: 80185cf3bba944c0398e6e9cadf4aac7,
        type: 3}
      propertyPath: m_LocalPosition.x
      value: 1.4449214
      objectReference: {fileID: 0}
    - target: {fileID: 3614101396298116579, guid: 80185cf3bba944c0398e6e9cadf4aac7,
        type: 3}
      propertyPath: m_LocalPosition.y
      value: 0.39997846
      objectReference: {fileID: 0}
    - target: {fileID: 3614101396298116579, guid: 80185cf3bba944c0398e6e9cadf4aac7,
        type: 3}
      propertyPath: m_LocalPosition.z
      value: 9.100014
      objectReference: {fileID: 0}
    - target: {fileID: 3614101396298116579, guid: 80185cf3bba944c0398e6e9cadf4aac7,
        type: 3}
      propertyPath: m_LocalRotation.x
      value: 0
      objectReference: {fileID: 0}
    - target: {fileID: 3614101396298116579, guid: 80185cf3bba944c0398e6e9cadf4aac7,
        type: 3}
      propertyPath: m_LocalRotation.y
      value: 0
      objectReference: {fileID: 0}
    - target: {fileID: 3614101396298116579, guid: 80185cf3bba944c0398e6e9cadf4aac7,
        type: 3}
      propertyPath: m_LocalRotation.z
      value: 0
      objectReference: {fileID: 0}
    - target: {fileID: 3614101396298116579, guid: 80185cf3bba944c0398e6e9cadf4aac7,
        type: 3}
      propertyPath: m_LocalRotation.w
      value: 1
      objectReference: {fileID: 0}
    - target: {fileID: 3614101396298116579, guid: 80185cf3bba944c0398e6e9cadf4aac7,
        type: 3}
      propertyPath: m_RootOrder
      value: 8
      objectReference: {fileID: 0}
    - target: {fileID: 3614101396298116579, guid: 80185cf3bba944c0398e6e9cadf4aac7,
        type: 3}
      propertyPath: m_LocalEulerAnglesHint.x
      value: 0
      objectReference: {fileID: 0}
    - target: {fileID: 3614101396298116579, guid: 80185cf3bba944c0398e6e9cadf4aac7,
        type: 3}
      propertyPath: m_LocalEulerAnglesHint.y
      value: 0
      objectReference: {fileID: 0}
    - target: {fileID: 3614101396298116579, guid: 80185cf3bba944c0398e6e9cadf4aac7,
        type: 3}
      propertyPath: m_LocalEulerAnglesHint.z
      value: 0
      objectReference: {fileID: 0}
    m_RemovedComponents: []
  m_SourcePrefab: {fileID: 100100000, guid: 80185cf3bba944c0398e6e9cadf4aac7, type: 3}
--- !u!1001 &5771157343500542527
PrefabInstance:
  m_ObjectHideFlags: 0
  serializedVersion: 2
  m_Modification:
    m_TransformParent: {fileID: 1688329004}
    m_Modifications:
    - target: {fileID: 6457334112007284006, guid: f2f3e9beb17816a4db0c63012f35c131,
        type: 3}
      propertyPath: m_Name
      value: Steak_Table
      objectReference: {fileID: 0}
    - target: {fileID: 6457334112007190790, guid: f2f3e9beb17816a4db0c63012f35c131,
        type: 3}
      propertyPath: m_LocalPosition.x
      value: 8.147928
      objectReference: {fileID: 0}
    - target: {fileID: 6457334112007190790, guid: f2f3e9beb17816a4db0c63012f35c131,
        type: 3}
      propertyPath: m_LocalPosition.y
      value: 0
      objectReference: {fileID: 0}
    - target: {fileID: 6457334112007190790, guid: f2f3e9beb17816a4db0c63012f35c131,
        type: 3}
      propertyPath: m_LocalPosition.z
      value: 9.04
      objectReference: {fileID: 0}
    - target: {fileID: 6457334112007190790, guid: f2f3e9beb17816a4db0c63012f35c131,
        type: 3}
      propertyPath: m_LocalRotation.x
      value: -0
      objectReference: {fileID: 0}
    - target: {fileID: 6457334112007190790, guid: f2f3e9beb17816a4db0c63012f35c131,
        type: 3}
      propertyPath: m_LocalRotation.y
      value: 1
      objectReference: {fileID: 0}
    - target: {fileID: 6457334112007190790, guid: f2f3e9beb17816a4db0c63012f35c131,
        type: 3}
      propertyPath: m_LocalRotation.z
      value: -0
      objectReference: {fileID: 0}
    - target: {fileID: 6457334112007190790, guid: f2f3e9beb17816a4db0c63012f35c131,
        type: 3}
      propertyPath: m_LocalRotation.w
      value: 0
      objectReference: {fileID: 0}
    - target: {fileID: 6457334112007190790, guid: f2f3e9beb17816a4db0c63012f35c131,
        type: 3}
      propertyPath: m_RootOrder
      value: 6
      objectReference: {fileID: 0}
    - target: {fileID: 6457334112007190790, guid: f2f3e9beb17816a4db0c63012f35c131,
        type: 3}
      propertyPath: m_LocalEulerAnglesHint.x
      value: 0
      objectReference: {fileID: 0}
    - target: {fileID: 6457334112007190790, guid: f2f3e9beb17816a4db0c63012f35c131,
        type: 3}
      propertyPath: m_LocalEulerAnglesHint.y
      value: 180
      objectReference: {fileID: 0}
    - target: {fileID: 6457334112007190790, guid: f2f3e9beb17816a4db0c63012f35c131,
        type: 3}
      propertyPath: m_LocalEulerAnglesHint.z
      value: 0
      objectReference: {fileID: 0}
    m_RemovedComponents: []
  m_SourcePrefab: {fileID: 100100000, guid: f2f3e9beb17816a4db0c63012f35c131, type: 3}
--- !u!1001 &7259466714069896562
PrefabInstance:
  m_ObjectHideFlags: 0
  serializedVersion: 2
  m_Modification:
    m_TransformParent: {fileID: 0}
    m_Modifications:
    - target: {fileID: 3356266594611579607, guid: 6feae37dedbf3ee47a1a293e188c5b2e,
        type: 3}
      propertyPath: m_Name
      value: Bin
      objectReference: {fileID: 0}
    - target: {fileID: 114008536587076492, guid: 6feae37dedbf3ee47a1a293e188c5b2e,
        type: 3}
      propertyPath: gameController
      value: 
      objectReference: {fileID: 509847922}
    - target: {fileID: 3356266594611418871, guid: 6feae37dedbf3ee47a1a293e188c5b2e,
        type: 3}
      propertyPath: m_LocalPosition.x
      value: -5.9
      objectReference: {fileID: 0}
    - target: {fileID: 3356266594611418871, guid: 6feae37dedbf3ee47a1a293e188c5b2e,
        type: 3}
      propertyPath: m_LocalPosition.y
      value: 0.00000008339967
      objectReference: {fileID: 0}
    - target: {fileID: 3356266594611418871, guid: 6feae37dedbf3ee47a1a293e188c5b2e,
        type: 3}
      propertyPath: m_LocalPosition.z
      value: 5.26
      objectReference: {fileID: 0}
    - target: {fileID: 3356266594611418871, guid: 6feae37dedbf3ee47a1a293e188c5b2e,
        type: 3}
      propertyPath: m_LocalRotation.x
      value: 0.49999997
      objectReference: {fileID: 0}
    - target: {fileID: 3356266594611418871, guid: 6feae37dedbf3ee47a1a293e188c5b2e,
        type: 3}
      propertyPath: m_LocalRotation.y
      value: 0.5000001
      objectReference: {fileID: 0}
    - target: {fileID: 3356266594611418871, guid: 6feae37dedbf3ee47a1a293e188c5b2e,
        type: 3}
      propertyPath: m_LocalRotation.z
      value: -0.5
      objectReference: {fileID: 0}
    - target: {fileID: 3356266594611418871, guid: 6feae37dedbf3ee47a1a293e188c5b2e,
        type: 3}
      propertyPath: m_LocalRotation.w
      value: -0.49999988
      objectReference: {fileID: 0}
    - target: {fileID: 3356266594611418871, guid: 6feae37dedbf3ee47a1a293e188c5b2e,
        type: 3}
      propertyPath: m_RootOrder
      value: 3
      objectReference: {fileID: 0}
    - target: {fileID: 3356266594611418871, guid: 6feae37dedbf3ee47a1a293e188c5b2e,
        type: 3}
      propertyPath: m_LocalEulerAnglesHint.x
      value: 0
      objectReference: {fileID: 0}
    - target: {fileID: 3356266594611418871, guid: 6feae37dedbf3ee47a1a293e188c5b2e,
        type: 3}
      propertyPath: m_LocalEulerAnglesHint.y
      value: 0
      objectReference: {fileID: 0}
    - target: {fileID: 3356266594611418871, guid: 6feae37dedbf3ee47a1a293e188c5b2e,
        type: 3}
      propertyPath: m_LocalEulerAnglesHint.z
      value: 0
      objectReference: {fileID: 0}
    m_RemovedComponents: []
  m_SourcePrefab: {fileID: 100100000, guid: 6feae37dedbf3ee47a1a293e188c5b2e, type: 3}
--- !u!1001 &7564051839432441572
PrefabInstance:
  m_ObjectHideFlags: 0
  serializedVersion: 2
  m_Modification:
    m_TransformParent: {fileID: 1688329004}
    m_Modifications:
    - target: {fileID: 3630350316689730253, guid: 775b7bba6cdf94eb6b2f9b50305eda02,
        type: 3}
      propertyPath: m_Name
      value: Table - Plate
      objectReference: {fileID: 0}
    - target: {fileID: 3630350316689635053, guid: 775b7bba6cdf94eb6b2f9b50305eda02,
        type: 3}
      propertyPath: m_LocalPosition.x
      value: -5.947
      objectReference: {fileID: 0}
    - target: {fileID: 3630350316689635053, guid: 775b7bba6cdf94eb6b2f9b50305eda02,
        type: 3}
      propertyPath: m_LocalPosition.y
      value: 0
      objectReference: {fileID: 0}
    - target: {fileID: 3630350316689635053, guid: 775b7bba6cdf94eb6b2f9b50305eda02,
        type: 3}
      propertyPath: m_LocalPosition.z
      value: 7.593
      objectReference: {fileID: 0}
    - target: {fileID: 3630350316689635053, guid: 775b7bba6cdf94eb6b2f9b50305eda02,
        type: 3}
      propertyPath: m_LocalRotation.x
      value: 0
      objectReference: {fileID: 0}
    - target: {fileID: 3630350316689635053, guid: 775b7bba6cdf94eb6b2f9b50305eda02,
        type: 3}
      propertyPath: m_LocalRotation.y
      value: -0.7071068
      objectReference: {fileID: 0}
    - target: {fileID: 3630350316689635053, guid: 775b7bba6cdf94eb6b2f9b50305eda02,
        type: 3}
      propertyPath: m_LocalRotation.z
      value: 0
      objectReference: {fileID: 0}
    - target: {fileID: 3630350316689635053, guid: 775b7bba6cdf94eb6b2f9b50305eda02,
        type: 3}
      propertyPath: m_LocalRotation.w
      value: 0.7071068
      objectReference: {fileID: 0}
    - target: {fileID: 3630350316689635053, guid: 775b7bba6cdf94eb6b2f9b50305eda02,
        type: 3}
      propertyPath: m_RootOrder
      value: 5
      objectReference: {fileID: 0}
    - target: {fileID: 3630350316689635053, guid: 775b7bba6cdf94eb6b2f9b50305eda02,
        type: 3}
      propertyPath: m_LocalEulerAnglesHint.x
      value: 0
      objectReference: {fileID: 0}
    - target: {fileID: 3630350316689635053, guid: 775b7bba6cdf94eb6b2f9b50305eda02,
        type: 3}
      propertyPath: m_LocalEulerAnglesHint.y
      value: -90
      objectReference: {fileID: 0}
    - target: {fileID: 3630350316689635053, guid: 775b7bba6cdf94eb6b2f9b50305eda02,
        type: 3}
      propertyPath: m_LocalEulerAnglesHint.z
      value: 0
      objectReference: {fileID: 0}
    m_RemovedComponents: []
  m_SourcePrefab: {fileID: 100100000, guid: 775b7bba6cdf94eb6b2f9b50305eda02, type: 3}
--- !u!1001 &7941521470259588187
PrefabInstance:
  m_ObjectHideFlags: 0
  serializedVersion: 2
  m_Modification:
    m_TransformParent: {fileID: 1688329004}
    m_Modifications:
    - target: {fileID: 6538397479251726982, guid: d7192873b1d8d1c4087ffe974c1f68fb,
        type: 3}
      propertyPath: m_Name
      value: Bun_Table
      objectReference: {fileID: 0}
    - target: {fileID: 6538397479251758758, guid: d7192873b1d8d1c4087ffe974c1f68fb,
        type: 3}
      propertyPath: m_LocalPosition.x
      value: 5.62
      objectReference: {fileID: 0}
    - target: {fileID: 6538397479251758758, guid: d7192873b1d8d1c4087ffe974c1f68fb,
        type: 3}
      propertyPath: m_LocalPosition.y
      value: 0
      objectReference: {fileID: 0}
    - target: {fileID: 6538397479251758758, guid: d7192873b1d8d1c4087ffe974c1f68fb,
        type: 3}
      propertyPath: m_LocalPosition.z
      value: 9.04
      objectReference: {fileID: 0}
    - target: {fileID: 6538397479251758758, guid: d7192873b1d8d1c4087ffe974c1f68fb,
        type: 3}
      propertyPath: m_LocalRotation.x
      value: -0
      objectReference: {fileID: 0}
    - target: {fileID: 6538397479251758758, guid: d7192873b1d8d1c4087ffe974c1f68fb,
        type: 3}
      propertyPath: m_LocalRotation.y
      value: 1
      objectReference: {fileID: 0}
    - target: {fileID: 6538397479251758758, guid: d7192873b1d8d1c4087ffe974c1f68fb,
        type: 3}
      propertyPath: m_LocalRotation.z
      value: -0
      objectReference: {fileID: 0}
    - target: {fileID: 6538397479251758758, guid: d7192873b1d8d1c4087ffe974c1f68fb,
        type: 3}
      propertyPath: m_LocalRotation.w
      value: 0
      objectReference: {fileID: 0}
    - target: {fileID: 6538397479251758758, guid: d7192873b1d8d1c4087ffe974c1f68fb,
        type: 3}
      propertyPath: m_RootOrder
      value: 0
      objectReference: {fileID: 0}
    - target: {fileID: 6538397479251758758, guid: d7192873b1d8d1c4087ffe974c1f68fb,
        type: 3}
      propertyPath: m_LocalEulerAnglesHint.x
      value: 0
      objectReference: {fileID: 0}
    - target: {fileID: 6538397479251758758, guid: d7192873b1d8d1c4087ffe974c1f68fb,
        type: 3}
      propertyPath: m_LocalEulerAnglesHint.y
      value: 180
      objectReference: {fileID: 0}
    - target: {fileID: 6538397479251758758, guid: d7192873b1d8d1c4087ffe974c1f68fb,
        type: 3}
      propertyPath: m_LocalEulerAnglesHint.z
      value: 0
      objectReference: {fileID: 0}
    m_RemovedComponents: []
  m_SourcePrefab: {fileID: 100100000, guid: d7192873b1d8d1c4087ffe974c1f68fb, type: 3}
--- !u!4 &8305973707725014030 stripped
Transform:
  m_CorrespondingSourceObject: {fileID: 4621507412297987659, guid: 47dc9b16b619ced42a459f9a54218a71,
    type: 3}
  m_PrefabInstance: {fileID: 3703748443336094277}
  m_PrefabAsset: {fileID: 0}
--- !u!1001 &8744035173209776173
PrefabInstance:
  m_ObjectHideFlags: 0
  serializedVersion: 2
  m_Modification:
    m_TransformParent: {fileID: 1688329004}
    m_Modifications:
    - target: {fileID: 7419286403127977876, guid: c7ea2228e9e93a94a9dd2727c5090362,
        type: 3}
      propertyPath: m_Name
      value: Tomato_Table
      objectReference: {fileID: 0}
    - target: {fileID: 7419286403127950260, guid: c7ea2228e9e93a94a9dd2727c5090362,
        type: 3}
      propertyPath: m_LocalPosition.x
      value: 6.9193687
      objectReference: {fileID: 0}
    - target: {fileID: 7419286403127950260, guid: c7ea2228e9e93a94a9dd2727c5090362,
        type: 3}
      propertyPath: m_LocalPosition.y
      value: 0
      objectReference: {fileID: 0}
    - target: {fileID: 7419286403127950260, guid: c7ea2228e9e93a94a9dd2727c5090362,
        type: 3}
      propertyPath: m_LocalPosition.z
      value: 9.047
      objectReference: {fileID: 0}
    - target: {fileID: 7419286403127950260, guid: c7ea2228e9e93a94a9dd2727c5090362,
        type: 3}
      propertyPath: m_LocalRotation.x
      value: -0
      objectReference: {fileID: 0}
    - target: {fileID: 7419286403127950260, guid: c7ea2228e9e93a94a9dd2727c5090362,
        type: 3}
      propertyPath: m_LocalRotation.y
      value: 1
      objectReference: {fileID: 0}
    - target: {fileID: 7419286403127950260, guid: c7ea2228e9e93a94a9dd2727c5090362,
        type: 3}
      propertyPath: m_LocalRotation.z
      value: -0
      objectReference: {fileID: 0}
    - target: {fileID: 7419286403127950260, guid: c7ea2228e9e93a94a9dd2727c5090362,
        type: 3}
      propertyPath: m_LocalRotation.w
      value: 0
      objectReference: {fileID: 0}
    - target: {fileID: 7419286403127950260, guid: c7ea2228e9e93a94a9dd2727c5090362,
        type: 3}
      propertyPath: m_RootOrder
      value: 1
      objectReference: {fileID: 0}
    - target: {fileID: 7419286403127950260, guid: c7ea2228e9e93a94a9dd2727c5090362,
        type: 3}
      propertyPath: m_LocalEulerAnglesHint.x
      value: 0
      objectReference: {fileID: 0}
    - target: {fileID: 7419286403127950260, guid: c7ea2228e9e93a94a9dd2727c5090362,
        type: 3}
      propertyPath: m_LocalEulerAnglesHint.y
      value: 180
      objectReference: {fileID: 0}
    - target: {fileID: 7419286403127950260, guid: c7ea2228e9e93a94a9dd2727c5090362,
        type: 3}
      propertyPath: m_LocalEulerAnglesHint.z
      value: 0
      objectReference: {fileID: 0}
    m_RemovedComponents: []
  m_SourcePrefab: {fileID: 100100000, guid: c7ea2228e9e93a94a9dd2727c5090362, type: 3}
